<?xml version="1.0" encoding="UTF-8"?>
<!DOCTYPE html PUBLIC "-//W3C//DTD XHTML 1.0 Transitional//EN"
    "http://www.w3.org/TR/xhtml1/DTD/xhtml1-transitional.dtd">
<html xmlns="http://www.w3.org/1999/xhtml" xml:lang="en" lang="en">
 <head>
  <title>
</title>
<meta http-equiv="Content-Type" content="text/html;charset=utf-8" />
  <meta name='ocr-system' content='tesseract 3.04.00' />
  <meta name='ocr-capabilities' content='ocr_page ocr_carea ocr_par ocr_line ocrx_word'/>
</head>
<body>
  <div class='ocr_page' id='page_1' title='image "./operaomnia00dillgoog_0285.png"; bbox 0 0 3117 5042; ppageno 0'>
   <div class='ocr_carea' id='block_1_1' title="bbox 430 431 904 499">
    <p class='ocr_par' dir='ltr' id='par_1_1' title="bbox 430 431 904 499">
     <span class='ocr_line' id='line_1_1' title="bbox 430 431 904 499; baseline -0.002 -3"><span class='ocrx_word' id='word_1_1' title='bbox 430 431 600 497; x_wconf 77' lang='lat' dir='ltr'><strong>trusit</strong></span> <span class='ocrx_word' id='word_1_2' title='bbox 628 431 794 498; x_wconf 50' lang='lat' dir='ltr'><strong>‘Olim</strong></span> <span class='ocrx_word' id='word_1_3' title='bbox 818 435 842 499; x_wconf 85' lang='lat' dir='ltr'><strong>l.</strong></span> <span class='ocrx_word' id='word_1_4' title='bbox 866 435 904 498; x_wconf 89' lang='lat' dir='ltr'><strong>ll.</strong></span> 
     </span>
    </p>
   </div>
   <div class='ocr_carea' id='block_1_2' title="bbox 278 611 1103 2206">
    <p class='ocr_par' dir='ltr' id='par_1_2' title="bbox 278 611 1103 2206">
     <span class='ocr_line' id='line_1_2' title="bbox 326 611 910 679; baseline 0.002 -3"><span class='ocrx_word' id='word_1_5' title='bbox 326 612 462 678; x_wconf 70' lang='lat' dir='ltr'><strong>nnuma</strong></span> <span class='ocrx_word' id='word_1_6' title='bbox 482 629 559 679; x_wconf 78' lang='lat' dir='ltr'><strong>rurs</strong></span> <span class='ocrx_word' id='word_1_7' title='bbox 579 611 677 676; x_wconf 74' lang='lat' dir='ltr'><strong>botris</strong></span> <span class='ocrx_word' id='word_1_8' title='bbox 698 617 826 675; x_wconf 85' lang='lat' dir='ltr'><strong>exercet</strong></span> <span class='ocrx_word' id='word_1_9' title='bbox 842 614 910 677; x_wconf 76' lang='lat' dir='ltr'><strong>run</strong></span> 
     </span>
     <span class='ocr_line' id='line_1_3' title="bbox 410 719 790 800; baseline -0.008 -15"><span class='ocrx_word' id='word_1_10' title='bbox 410 719 540 785; x_wconf 65' lang='lat' dir='ltr'><strong>&amp;leurs</strong></span> <span class='ocrx_word' id='word_1_11' title='bbox 559 719 641 784; x_wconf 87' lang='lat' dir='ltr'><strong>omni</strong></span> <span class='ocrx_word' id='word_1_12' title='bbox 661 721 790 800; x_wconf 83' lang='lat' dir='ltr'><strong>fenore,</strong></span> 
     </span>
     <span class='ocr_line' id='line_1_4' title="bbox 299 828 998 912; baseline 0.001 -21"><span class='ocrx_word' id='word_1_13' title='bbox 299 848 314 891; x_wconf 84' lang='lat' dir='ltr'><strong>s</strong></span> <span class='ocrx_word' id='word_1_14' title='bbox 334 831 438 912; x_wconf 82' lang='lat' dir='ltr'><strong>Neque</strong></span> <span class='ocrx_word' id='word_1_15' title='bbox 459 829 613 892; x_wconf 72' lang='lat' dir='ltr'><strong>excitetur</strong></span> <span class='ocrx_word' id='word_1_16' title='bbox 632 828 763 892; x_wconf 76' lang='lat' dir='ltr'><strong>classico</strong></span> <span class='ocrx_word' id='word_1_17' title='bbox 786 830 876 893; x_wconf 79' lang='lat' dir='ltr'><strong>miles</strong></span> <span class='ocrx_word' id='word_1_18' title='bbox 897 830 998 908; x_wconf 83' lang='lat' dir='ltr'><strong>truci,</strong></span> 
     </span>
     <span class='ocr_line' id='line_1_5' title="bbox 308 935 1103 1019; baseline -0.001 -18"><span class='ocrx_word' id='word_1_19' title='bbox 308 1010 312 1015; x_wconf 85' lang='lat'><em>.</em></span> <span class='ocrx_word' id='word_1_20' title='bbox 413 939 518 1019; x_wconf 82' lang='lat' dir='ltr'><strong>Neque</strong></span> <span class='ocrx_word' id='word_1_21' title='bbox 541 935 650 1001; x_wconf 90' lang='lat' dir='ltr'><strong>borret</strong></span> <span class='ocrx_word' id='word_1_22' title='bbox 669 937 783 1001; x_wconf 79' lang='lat' dir='ltr'><strong>irstum</strong></span> <span class='ocrx_word' id='word_1_23' title='bbox 802 956 906 1015; x_wconf 75' lang='lat' dir='ltr'><strong>mue,</strong></span> <span class='ocrx_word' id='word_1_24' title='bbox 1098 938 1103 949; x_wconf 92' lang='lat'>&#39;</span> 
     </span>
     <span class='ocr_line' id='line_1_6' title="bbox 331 1045 949 1128; baseline 0.002 -20"><span class='ocrx_word' id='word_1_25' title='bbox 331 1046 505 1128; x_wconf 69' lang='lat' dir='ltr'><strong>iterumque</strong></span> <span class='ocrx_word' id='word_1_26' title='bbox 525 1045 607 1108; x_wconf 79' lang='lat' dir='ltr'><strong>vitot</strong></span> <span class='ocrx_word' id='word_1_27' title='bbox 628 1052 661 1107; x_wconf 85' lang='lat' dir='ltr'><strong>et</strong></span> <span class='ocrx_word' id='word_1_28' title='bbox 679 1045 816 1127; x_wconf 76' lang='lat' dir='ltr'><strong>superbo</strong></span> <span class='ocrx_word' id='word_1_29' title='bbox 836 1045 949 1111; x_wconf 71' lang='lat' dir='ltr'><strong>cirin</strong></span> 
     </span>
     <span class='ocr_line' id='line_1_7' title="bbox 410 1152 765 1217; baseline 0.008 -4"><span class='ocrx_word' id='word_1_30' title='bbox 410 1153 624 1217; x_wconf 75' lang='lat' dir='ltr'><strong>Potentiorum</strong></span> <span class='ocrx_word' id='word_1_31' title='bbox 648 1152 765 1216; x_wconf 79' lang='lat' dir='ltr'><strong>limina.</strong></span> 
     </span>
     <span class='ocr_line' id='line_1_8' title="bbox 330 1258 946 1344; baseline 0 -21"><span class='ocrx_word' id='word_1_32' title='bbox 330 1258 419 1342; x_wconf 76' lang='lat' dir='ltr'><strong>Ergo</strong></span> <span class='ocrx_word' id='word_1_33' title='bbox 441 1267 495 1323; x_wconf 86' lang='lat' dir='ltr'><strong>out</strong></span> <span class='ocrx_word' id='word_1_34' title='bbox 516 1260 624 1325; x_wconf 81' lang='lat' dir='ltr'><strong>cdnltn</strong></span> <span class='ocrx_word' id='word_1_35' title='bbox 647 1260 754 1323; x_wconf 83' lang='lat' dir='ltr'><strong>vitium</strong></span> <span class='ocrx_word' id='word_1_36' title='bbox 774 1261 946 1344; x_wconf 70' lang='lat' dir='ltr'><strong>promme</strong></span> 
     </span>
     <span class='ocr_line' id='line_1_9' title="bbox 280 1369 829 1451; baseline 0.007 -24"><span class='ocrx_word' id='word_1_37' title='bbox 280 1384 310 1429; x_wconf 85' lang='lat' dir='ltr'><strong>so</strong></span> <span class='ocrx_word' id='word_1_38' title='bbox 416 1369 508 1431; x_wconf 73' lang='lat' dir='ltr'><strong>Altos</strong></span> <span class='ocrx_word' id='word_1_39' title='bbox 531 1369 660 1433; x_wconf 76' lang='lat' dir='ltr'><strong>maritet</strong></span> <span class='ocrx_word' id='word_1_40' title='bbox 678 1370 829 1451; x_wconf 74' lang='lat' dir='ltr'><strong>populos,</strong></span> 
     </span>
     <span class='ocr_line' id='line_1_10' title="bbox 332 1475 923 1560; baseline 0.002 -20"><span class='ocrx_word' id='word_1_41' title='bbox 332 1475 394 1540; x_wconf 82' lang='lat' dir='ltr'><strong>Aut</strong></span> <span class='ocrx_word' id='word_1_42' title='bbox 414 1477 445 1539; x_wconf 91' lang='lat' dir='ltr'><strong>in</strong></span> <span class='ocrx_word' id='word_1_43' title='bbox 467 1477 594 1540; x_wconf 80' lang='lat' dir='ltr'><strong>reducto</strong></span> <span class='ocrx_word' id='word_1_44' title='bbox 616 1478 701 1540; x_wconf 77' lang='lat' dir='ltr'><strong>velle</strong></span> <span class='ocrx_word' id='word_1_45' title='bbox 723 1477 923 1560; x_wconf 66' lang='lat' dir='ltr'><strong>mugientium</strong></span> 
     </span>
     <span class='ocr_line' id='line_1_11' title="bbox 416 1585 917 1668; baseline -0.004 -17"><span class='ocrx_word' id='word_1_46' title='bbox 416 1585 599 1665; x_wconf 74' lang='lat' dir='ltr'><strong>Prospectat</strong></span> <span class='ocrx_word' id='word_1_47' title='bbox 617 1591 760 1648; x_wconf 84' lang='lat' dir='ltr'><strong>errantes</strong></span> <span class='ocrx_word' id='word_1_48' title='bbox 781 1602 917 1668; x_wconf 75' lang='lat' dir='ltr'><strong>greges,</strong></span> 
     </span>
     <span class='ocr_line' id='line_1_12' title="bbox 334 1692 909 1775; baseline 0.005 -20"><span class='ocrx_word' id='word_1_49' title='bbox 334 1692 501 1756; x_wconf 82' lang='lat' dir='ltr'><strong>lnutilesse</strong></span> <span class='ocrx_word' id='word_1_50' title='bbox 522 1693 604 1757; x_wconf 76' lang='lat' dir='ltr'><strong>islce</strong></span> <span class='ocrx_word' id='word_1_51' title='bbox 624 1711 728 1757; x_wconf 80' lang='lat' dir='ltr'><strong>remos</strong></span> <span class='ocrx_word' id='word_1_52' title='bbox 747 1701 909 1775; x_wconf 69' lang='lat' dir='ltr'><strong>unumne</strong></span> 
     </span>
     <span class='ocr_line' id='line_1_13' title="bbox 417 1800 1026 1879; baseline 0.003 -15"><span class='ocrx_word' id='word_1_53' title='bbox 417 1800 585 1865; x_wconf 72' lang='lat' dir='ltr'><strong>Feliciores</strong></span> <span class='ocrx_word' id='word_1_54' title='bbox 606 1801 737 1879; x_wconf 82' lang='lat' dir='ltr'><strong>inserit,</strong></span> <span class='ocrx_word' id='word_1_55' title='bbox 1022 1861 1026 1866; x_wconf 82' lang='grc'><strong>.</strong></span> 
     </span>
     <span class='ocr_line' id='line_1_14' title="bbox 278 1906 1053 1992; baseline 0.008 -25"><span class='ocrx_word' id='word_1_56' title='bbox 278 1925 307 1968; x_wconf 82' lang='lat' dir='ltr'><strong>is</strong></span> <span class='ocrx_word' id='word_1_57' title='bbox 327 1906 389 1971; x_wconf 78' lang='lat' dir='ltr'><strong>Ant</strong></span> <span class='ocrx_word' id='word_1_58' title='bbox 407 1909 621 1992; x_wconf 75' lang='lat' dir='ltr'><strong>presse-puris</strong></span> <span class='ocrx_word' id='word_1_59' title='bbox 641 1910 735 1972; x_wconf 79' lang='lat' dir='ltr'><strong>mello</strong></span> <span class='ocrx_word' id='word_1_60' title='bbox 755 1908 862 1973; x_wconf 86' lang='lat' dir='ltr'><strong>condit</strong></span> <span class='ocrx_word' id='word_1_61' title='bbox 880 1908 1053 1990; x_wconf 66' lang='lat' dir='ltr'><strong>turberis,</strong></span> 
     </span>
     <span class='ocr_line' id='line_1_15' title="bbox 416 2016 891 2094; baseline 0.002 -15"><span class='ocrx_word' id='word_1_62' title='bbox 416 2017 479 2080; x_wconf 77' lang='lat' dir='ltr'><strong>Aut</strong></span> <span class='ocrx_word' id='word_1_63' title='bbox 502 2018 609 2085; x_wconf 84' lang='lat' dir='ltr'><strong>tondet</strong></span> <span class='ocrx_word' id='word_1_64' title='bbox 631 2016 770 2081; x_wconf 75' lang='lat' dir='ltr'><strong>infirmer</strong></span> <span class='ocrx_word' id='word_1_65' title='bbox 790 2032 891 2094; x_wconf 68' lang='lat' dir='ltr'><strong>orere</strong></span> 
     </span>
     <span class='ocr_line' id='line_1_16' title="bbox 334 2124 1018 2206; baseline 0.003 -21"><span class='ocrx_word' id='word_1_66' title='bbox 334 2124 393 2186; x_wconf 87' lang='lat' dir='ltr'><strong>Vel</strong></span> <span class='ocrx_word' id='word_1_67' title='bbox 412 2143 479 2188; x_wconf 90' lang='lat' dir='ltr'><strong>cum</strong></span> <span class='ocrx_word' id='word_1_68' title='bbox 498 2126 642 2189; x_wconf 79' lang='lat' dir='ltr'><strong>denorum</strong></span> <span class='ocrx_word' id='word_1_69' title='bbox 661 2124 787 2191; x_wconf 86' lang='lat' dir='ltr'><strong>mitibus</strong></span> <span class='ocrx_word' id='word_1_70' title='bbox 807 2125 905 2205; x_wconf 76' lang='lat' dir='ltr'><strong>pomis,</strong></span> <span class='ocrx_word' id='word_1_71' title='bbox 925 2132 1018 2206; x_wconf 74' lang='lat' dir='ltr'><strong>munt</strong></span> 
     </span>
    </p>
   </div>
   <div class='ocr_carea' id='block_1_3' title="bbox 131 2264 1232 2996">
    <p class='ocr_par' dir='ltr' id='par_1_3' title="bbox 131 2264 1232 2996">
     <span class='ocr_line' id='line_1_17' title="bbox 133 2264 1228 2359; baseline -0.003 -17"><span class='ocrx_word' id='word_1_72' title='bbox 133 2304 218 2359; x_wconf 87' lang='lat' dir='ltr'><strong>usque</strong></span> <span class='ocrx_word' id='word_1_73' title='bbox 233 2296 374 2340; x_wconf 77' lang='lat' dir='ltr'><strong>recurret¹¹</strong></span> <span class='ocrx_word' id='word_1_74' title='bbox 393 2288 486 2359; x_wconf 85' lang='lat' dir='ltr'><strong>(Epist</strong></span> <span class='ocrx_word' id='word_1_75' title='bbox 507 2264 540 2354; x_wconf 65' lang='lat' dir='ltr'><strong>l,</strong></span> <span class='ocrx_word' id='word_1_76' title='bbox 550 2272 591 2354; x_wconf 87' lang='grc'><strong>10,</strong></span> <span class='ocrx_word' id='word_1_77' title='bbox 612 2288 669 2357; x_wconf 81' lang='lat'>24).</span> <span class='ocrx_word' id='word_1_78' title='bbox 707 2288 806 2341; x_wconf 82' lang='lat' dir='ltr'><strong>Laudat</strong></span> <span class='ocrx_word' id='word_1_79' title='bbox 824 2290 865 2341; x_wconf 84' lang='lat' dir='ltr'><strong>uir</strong></span> <span class='ocrx_word' id='word_1_80' title='bbox 883 2286 930 2341; x_wconf 92' lang='lat' dir='ltr'><strong>ille</strong></span> <span class='ocrx_word' id='word_1_81' title='bbox 950 2288 1034 2342; x_wconf 86' lang='lat' dir='ltr'><strong>bonus</strong></span> <span class='ocrx_word' id='word_1_82' title='bbox 1051 2288 1130 2340; x_wconf 75' lang='lat' dir='ltr'><strong>vitsnr</strong></span> <span class='ocrx_word' id='word_1_83' title='bbox 1147 2288 1228 2340; x_wconf 83' lang='lat' dir='ltr'><strong>rusti-</strong></span> 
     </span>
     <span class='ocr_line' id='line_1_18' title="bbox 134 2357 1226 2429; baseline -0.004 -17"><span class='ocrx_word' id='word_1_84' title='bbox 134 2377 211 2424; x_wconf 82' lang='lat' dir='ltr'><strong>esm,</strong></span> <span class='ocrx_word' id='word_1_85' title='bbox 242 2360 338 2427; x_wconf 77' lang='lat' dir='ltr'><strong>redigit</strong></span> <span class='ocrx_word' id='word_1_86' title='bbox 362 2363 498 2427; x_wconf 80' lang='lat' dir='ltr'><strong>pecuniam</strong></span> <span class='ocrx_word' id='word_1_87' title='bbox 517 2363 544 2412; x_wconf 90' lang='lat' dir='ltr'><strong>in</strong></span> <span class='ocrx_word' id='word_1_88' title='bbox 562 2361 654 2413; x_wconf 83' lang='lat' dir='ltr'><strong>fenore</strong></span> <span class='ocrx_word' id='word_1_89' title='bbox 672 2361 782 2426; x_wconf 81' lang='lat' dir='ltr'><strong>positum</strong></span> <span class='ocrx_word' id='word_1_90' title='bbox 801 2360 890 2412; x_wconf 87' lang='lat' dir='ltr'><strong>idibus</strong></span> <span class='ocrx_word' id='word_1_91' title='bbox 907 2368 1028 2429; x_wconf 78' lang='lat' dir='ltr'><strong>tnuqurm</strong></span> <span class='ocrx_word' id='word_1_92' title='bbox 1045 2357 1151 2426; x_wconf 73' lang='lat' dir='ltr'><strong>praedis</strong></span> <span class='ocrx_word' id='word_1_93' title='bbox 1170 2374 1226 2410; x_wconf 91' lang='lat' dir='ltr'><strong>em-</strong></span> 
     </span>
     <span class='ocr_line' id='line_1_19' title="bbox 131 2429 1228 2557; baseline -0.003 -4"><span class='ocrx_word' id='word_1_94' title='bbox 131 2441 242 2554; x_wconf 51' lang='lat' dir='ltr'><strong>tiit</strong></span> <span class='ocrx_word' id='word_1_95' title='bbox 255 2429 1017 2557; x_wconf 51' lang='lat' dir='ltr'><strong>nllltillt‘llottwiillillttttit</strong></span> <span class='ocrx_word' id='word_1_96' title='bbox 1030 2429 1228 2554; x_wconf 56' lang='lat' dir='ltr'><strong>liniti</strong></span> 
     </span>
     <span class='ocr_line' id='line_1_20' title="bbox 132 2516 1228 2640; baseline -0.001 -17"><span class='ocrx_word' id='word_1_97' title='bbox 132 2539 255 2625; x_wconf 79' lang='lat' dir='ltr'><strong>homines</strong></span> <span class='ocrx_word' id='word_1_98' title='bbox 273 2571 324 2624; x_wconf 81' lang='lat' dir='ltr'><strong>elin</strong></span> <span class='ocrx_word' id='word_1_99' title='bbox 341 2588 421 2639; x_wconf 80' lang='lat' dir='ltr'><strong>saepe</strong></span> <span class='ocrx_word' id='word_1_100' title='bbox 439 2522 546 2627; x_wconf 59' lang='lat' dir='ltr'><strong>landant</strong></span> <span class='ocrx_word' id='word_1_101' title='bbox 564 2573 617 2625; x_wconf 77' lang='lat' dir='ltr'><strong>elis</strong></span> <span class='ocrx_word' id='word_1_102' title='bbox 637 2516 804 2640; x_wconf 73' lang='lat' dir='ltr'><strong>sequnntur.g</strong></span> <span class='ocrx_word' id='word_1_103' title='bbox 835 2521 1067 2640; x_wconf 50' lang='lat' dir='ltr'><strong>nstigrturqofni</strong></span> <span class='ocrx_word' id='word_1_104' title='bbox 1087 2516 1228 2637; x_wconf 61' lang='lat' dir='ltr'><strong>‹isic&#39;rtfiuo</strong></span> 
     </span>
     <span class='ocr_line' id='line_1_21' title="bbox 132 2641 1229 2713; baseline -0.001 -18"><span class='ocrx_word' id='word_1_105' title='bbox 132 2660 164 2695; x_wconf 81' lang='lat' dir='ltr'><strong>cx</strong></span> <span class='ocrx_word' id='word_1_106' title='bbox 182 2641 233 2695; x_wconf 92' lang='lat' dir='ltr'><strong>illo</strong></span> <span class='ocrx_word' id='word_1_107' title='bbox 252 2658 367 2711; x_wconf 77' lang='lat' dir='ltr'><strong>genere,</strong></span> <span class='ocrx_word' id='word_1_108' title='bbox 384 2645 454 2713; x_wconf 88' lang='lat' dir='ltr'><strong>qnod</strong></span> <span class='ocrx_word' id='word_1_109' title='bbox 471 2647 549 2697; x_wconf 80' lang='lat' dir='ltr'><strong>satiro</strong></span> <span class='ocrx_word' id='word_1_110' title='bbox 562 2647 646 2712; x_wconf 82' lang='lat' dir='ltr'><strong>primu</strong></span> <span class='ocrx_word' id='word_1_111' title='bbox 665 2645 716 2695; x_wconf 79' lang='lat' dir='ltr'><strong>ulio</strong></span> <span class='ocrx_word' id='word_1_112' title='bbox 733 2645 835 2695; x_wconf 78' lang='lat' dir='ltr'><strong>ratione</strong></span> <span class='ocrx_word' id='word_1_113' title='bbox 852 2646 1012 2712; x_wconf 80' lang='lat' dir='ltr'><strong>propositum</strong></span> <span class='ocrx_word' id='word_1_114' title='bbox 1033 2650 1060 2693; x_wconf 86' lang='lat' dir='ltr'><strong>et</strong></span> <span class='ocrx_word' id='word_1_115' title='bbox 1076 2644 1229 2710; x_wconf 71' lang='lat' dir='ltr'><strong>castigatum</strong></span> 
     </span>
     <span class='ocr_line' id='line_1_22' title="bbox 133 2713 1232 2785; baseline -0.001 -20"><span class='ocrx_word' id='word_1_116' title='bbox 133 2714 259 2783; x_wconf 78' lang='lat' dir='ltr'><strong>legimus.</strong></span> <span class='ocrx_word' id='word_1_117' title='bbox 296 2714 411 2766; x_wconf 79' lang='lat' dir='ltr'><strong>Fuerunt</strong></span> <span class='ocrx_word' id='word_1_118' title='bbox 430 2719 474 2785; x_wconf 89' lang='lat' dir='ltr'><strong>qui</strong></span> <span class='ocrx_word' id='word_1_119' title='bbox 492 2717 624 2767; x_wconf 81' lang='lat' dir='ltr'><strong>Horatium</strong></span> <span class='ocrx_word' id='word_1_120' title='bbox 641 2714 742 2782; x_wconf 82' lang='lat' dir='ltr'><strong>Virgilii</strong></span> <span class='ocrx_word' id='word_1_121' title='bbox 760 2714 847 2766; x_wconf 87' lang='lat' dir='ltr'><strong>locum</strong></span> <span class='ocrx_word' id='word_1_122' title='bbox 866 2714 961 2782; x_wconf 76' lang='lat' dir='ltr'><strong>Georg.</strong></span> <span class='ocrx_word' id='word_1_123' title='bbox 979 2713 1140 2781; x_wconf 69' lang='lat' dir='ltr'><strong>inonflsqq.</strong></span> <span class='ocrx_word' id='word_1_124' title='bbox 1158 2728 1232 2764; x_wconf 81' lang='lat' dir='ltr'><strong>orue-</strong></span> 
     </span>
     <span class='ocr_line' id='line_1_23' title="bbox 133 2783 1231 2855; baseline -0.001 -19"><span class='ocrx_word' id='word_1_125' title='bbox 133 2784 180 2836; x_wconf 90' lang='lat' dir='ltr'><strong>bili</strong></span> <span class='ocrx_word' id='word_1_126' title='bbox 201 2783 313 2852; x_wconf 75' lang='lat' dir='ltr'><strong>quedem</strong></span> <span class='ocrx_word' id='word_1_127' title='bbox 331 2787 451 2837; x_wconf 78' lang='lat' dir='ltr'><strong>irrisione</strong></span> <span class='ocrx_word' id='word_1_128' title='bbox 471 2788 620 2855; x_wconf 72' lang='lat' dir='ltr'><strong>respexisse</strong></span> <span class='ocrx_word' id='word_1_129' title='bbox 637 2794 776 2853; x_wconf 81' lang='lat' dir='ltr'><strong>putarent3</strong></span> <span class='ocrx_word' id='word_1_130' title='bbox 794 2788 845 2838; x_wconf 88' lang='lat' dir='ltr'><strong>luit</strong></span> <span class='ocrx_word' id='word_1_131' title='bbox 864 2787 941 2838; x_wconf 83' lang='lat' dir='ltr'><strong>etium</strong></span> <span class='ocrx_word' id='word_1_132' title='bbox 958 2786 1003 2854; x_wconf 91' lang='lat' dir='ltr'><strong>qui</strong></span> <span class='ocrx_word' id='word_1_133' title='bbox 1021 2785 1053 2835; x_wconf 86' lang='lat' dir='ltr'><strong>ud</strong></span> <span class='ocrx_word' id='word_1_134' title='bbox 1062 2783 1155 2835; x_wconf 83' lang='lat' dir='ltr'><strong>Tibulli</strong></span> <span class='ocrx_word' id='word_1_135' title='bbox 1170 2799 1231 2835; x_wconf 83' lang='lat' dir='ltr'><strong>esr-</strong></span> 
     </span>
     <span class='ocr_line' id='line_1_24' title="bbox 132 2855 1230 2925; baseline -0.001 -18"><span class='ocrx_word' id='word_1_136' title='bbox 132 2859 204 2907; x_wconf 81' lang='lat' dir='ltr'><strong>minn</strong></span> <span class='ocrx_word' id='word_1_137' title='bbox 223 2855 350 2923; x_wconf 77' lang='lat' dir='ltr'><strong>quaedum</strong></span> <span class='ocrx_word' id='word_1_138' title='bbox 369 2856 428 2908; x_wconf 89' lang='lat' dir='ltr'><strong>libri</strong></span> <span class='ocrx_word' id='word_1_139' title='bbox 445 2860 521 2925; x_wconf 83' lang='lat' dir='ltr'><strong>primi</strong></span> <span class='ocrx_word' id='word_1_140' title='bbox 540 2856 965 2922; x_wconf 81' lang='lat' dir='ltr'><strong>totnmcernuonncoommodsturn</strong></span> <span class='ocrx_word' id='word_1_141' title='bbox 976 2856 1091 2919; x_wconf 81' lang='lat' dir='ltr'><strong>diceret3</strong></span> <span class='ocrx_word' id='word_1_142' title='bbox 1111 2864 1230 2908; x_wconf 84' lang='lat' dir='ltr'><strong>neutrum</strong></span> 
     </span>
     <span class='ocr_line' id='line_1_25' title="bbox 132 2926 887 2996; baseline -0.001 -17"><span class='ocrx_word' id='word_1_143' title='bbox 132 2926 214 2979; x_wconf 78' lang='lat' dir='ltr'><strong>babet</strong></span> <span class='ocrx_word' id='word_1_144' title='bbox 231 2926 340 2978; x_wconf 86' lang='lat' dir='ltr'><strong>idoneos</strong></span> <span class='ocrx_word' id='word_1_145' title='bbox 357 2928 452 2995; x_wconf 89' lang='lat' dir='ltr'><strong>quibus</strong></span> <span class='ocrx_word' id='word_1_146' title='bbox 469 2928 555 2996; x_wconf 85' lang='lat' dir='ltr'><strong>possit</strong></span> <span class='ocrx_word' id='word_1_147' title='bbox 572 2936 644 2980; x_wconf 86' lang='lat' dir='ltr'><strong>recte</strong></span> <span class='ocrx_word' id='word_1_148' title='bbox 663 2927 767 2980; x_wconf 82' lang='lat' dir='ltr'><strong>delendi</strong></span> <span class='ocrx_word' id='word_1_149' title='bbox 786 2942 887 2979; x_wconf 80' lang='lat' dir='ltr'><strong>causas.</strong></span> 
     </span>
    </p>
   </div>
   <div class='ocr_carea' id='block_1_4' title="bbox 130 3025 1269 4439">
    <p class='ocr_par' dir='ltr' id='par_1_4' title="bbox 130 3025 1269 4426">
     <span class='ocr_line' id='line_1_26' title="bbox 202 3025 1231 3103; baseline -0.004 -22"><span class='ocrx_word' id='word_1_150' title='bbox 202 3031 236 3081; x_wconf 82' lang='lat' dir='ltr'><strong>V.</strong></span> <span class='ocrx_word' id='word_1_151' title='bbox 260 3031 282 3081; x_wconf 87' lang='lat'><strong>1.</strong></span> <span class='ocrx_word' id='word_1_152' title='bbox 318 3033 438 3103; x_wconf 62' lang='lat' dir='ltr'><strong>moedis]</strong></span> <span class='ocrx_word' id='word_1_153' title='bbox 466 3048 547 3100; x_wconf 79' lang='lat' dir='ltr'><strong>saepe</strong></span> <span class='ocrx_word' id='word_1_154' title='bbox 567 3032 600 3084; x_wconf 89' lang='lat' dir='ltr'><strong>de</strong></span> <span class='ocrx_word' id='word_1_155' title='bbox 620 3033 689 3084; x_wconf 87' lang='lat' dir='ltr'><strong>omni</strong></span> <span class='ocrx_word' id='word_1_156' title='bbox 711 3046 810 3100; x_wconf 80' lang='lat' dir='ltr'><strong>genere</strong></span> <span class='ocrx_word' id='word_1_157' title='bbox 826 3038 966 3099; x_wconf 76' lang='lat' dir='ltr'><strong>quaestus,</strong></span> <span class='ocrx_word' id='word_1_158' title='bbox 989 3028 1038 3082; x_wconf 85' lang='lat' dir='ltr'><strong>sed</strong></span> <span class='ocrx_word' id='word_1_159' title='bbox 1054 3028 1179 3095; x_wconf 80' lang='lat' dir='ltr'><strong>imprimis</strong></span> <span class='ocrx_word' id='word_1_160' title='bbox 1197 3025 1231 3078; x_wconf 86' lang='lat' dir='ltr'><strong>dc</strong></span> 
     </span>
     <span class='ocr_line' id='line_1_27' title="bbox 130 3098 1231 3172; baseline -0.005 -18"><span class='ocrx_word' id='word_1_161' title='bbox 130 3116 164 3154; x_wconf 81' lang='lat' dir='ltr'><strong>so</strong></span> <span class='ocrx_word' id='word_1_162' title='bbox 190 3100 263 3169; x_wconf 81' lang='lat' dir='ltr'><strong>qnod</strong></span> <span class='ocrx_word' id='word_1_163' title='bbox 291 3116 325 3151; x_wconf 83' lang='lat' dir='ltr'><strong>ex</strong></span> <span class='ocrx_word' id='word_1_164' title='bbox 344 3102 436 3154; x_wconf 81' lang='lat' dir='ltr'><strong>lenone</strong></span> <span class='ocrx_word' id='word_1_165' title='bbox 452 3103 528 3157; x_wconf 88' lang='lat' dir='ltr'><strong>redit.</strong></span> <span class='ocrx_word' id='word_1_166' title='bbox 562 3103 647 3171; x_wconf 78' lang='lat' dir='ltr'><strong>Epist.</strong></span> <span class='ocrx_word' id='word_1_167' title='bbox 668 3103 689 3167; x_wconf 92' lang='grc'><strong>1,</strong></span> <span class='ocrx_word' id='word_1_168' title='bbox 709 3103 736 3167; x_wconf 87' lang='lat' dir='ltr'><strong>o,</strong></span> <span class='ocrx_word' id='word_1_169' title='bbox 753 3102 798 3154; x_wconf 78' lang='lat'><strong>33.</strong></span> <span class='ocrx_word' id='word_1_170' title='bbox 828 3133 860 3144; x_wconf 91' lang='lat'>-</span> <span class='ocrx_word' id='word_1_171' title='bbox 895 3104 1009 3172; x_wconf 62' lang='lat' dir='ltr'><strong>uuest]</strong></span> <span class='ocrx_word' id='word_1_172' title='bbox 1029 3098 1164 3167; x_wconf 69' lang='lat' dir='ltr'><strong>eleganter</strong></span> <span class='ocrx_word' id='word_1_173' title='bbox 1182 3112 1231 3164; x_wconf 81' lang='lat' dir='ltr'><strong>pro</strong></span> 
     </span>
     <span class='ocr_line' id='line_1_28' title="bbox 130 3169 1232 3242; baseline -0.005 -17"><span class='ocrx_word' id='word_1_174' title='bbox 130 3174 237 3240; x_wconf 61' lang='lat' dir='ltr'><strong>abien.</strong></span> <span class='ocrx_word' id='word_1_175' title='bbox 256 3171 292 3222; x_wconf 80' lang='lat' dir='ltr'><strong>ci.</strong></span> <span class='ocrx_word' id='word_1_176' title='bbox 312 3170 397 3225; x_wconf 82' lang='lat' dir='ltr'><strong>Gurm.</strong></span> <span class='ocrx_word' id='word_1_177' title='bbox 418 3175 460 3237; x_wconf 80' lang='lat' dir='ltr'><strong>lv,</strong></span> <span class='ocrx_word' id='word_1_178' title='bbox 478 3175 519 3239; x_wconf 77' lang='grc'><strong>14,</strong></span> <span class='ocrx_word' id='word_1_179' title='bbox 531 3176 582 3226; x_wconf 84' lang='lat'>·21.</span> <span class='ocrx_word' id='word_1_180' title='bbox 602 3177 672 3242; x_wconf 79' lang='lat' dir='ltr'><strong>virg.</strong></span> <span class='ocrx_word' id='word_1_181' title='bbox 693 3174 788 3241; x_wconf 77' lang='lat' dir='ltr'><strong>Georg.</strong></span> <span class='ocrx_word' id='word_1_182' title='bbox 810 3174 830 3239; x_wconf 83' lang='lat' dir='ltr'><strong>l,</strong></span> <span class='ocrx_word' id='word_1_183' title='bbox 850 3173 892 3226; x_wconf 81' lang='lat'><strong>99.</strong></span> <span class='ocrx_word' id='word_1_184' title='bbox 905 3196 946 3214; x_wconf 89' lang='lat'><strong>·—-</strong></span> <span class='ocrx_word' id='word_1_185' title='bbox 967 3173 1045 3242; x_wconf 83' lang='lat' dir='ltr'><strong>truci]</strong></span> <span class='ocrx_word' id='word_1_186' title='bbox 1067 3169 1101 3221; x_wconf 91' lang='lat' dir='ltr'><strong>nb</strong></span> <span class='ocrx_word' id='word_1_187' title='bbox 1119 3170 1232 3221; x_wconf 87' lang='lat' dir='ltr'><strong>sonitum</strong></span> 
     </span>
     <span class='ocr_line' id='line_1_29' title="bbox 132 3240 1233 3315; baseline -0.001 -21"><span class='ocrx_word' id='word_1_188' title='bbox 132 3252 162 3294; x_wconf 92' lang='lat' dir='ltr'><strong>nt</strong></span> <span class='ocrx_word' id='word_1_189' title='bbox 183 3242 305 3294; x_wconf 80' lang='lat' dir='ltr'><strong>hostibus</strong></span> <span class='ocrx_word' id='word_1_190' title='bbox 326 3245 363 3295; x_wconf 84' lang='lat' dir='ltr'><strong>itu</strong></span> <span class='ocrx_word' id='word_1_191' title='bbox 380 3260 461 3313; x_wconf 80' lang='lat' dir='ltr'><strong>saepe</strong></span> <span class='ocrx_word' id='word_1_192' title='bbox 471 3243 657 3298; x_wconf 88' lang='lat' dir='ltr'><strong>dormientibus</strong></span> <span class='ocrx_word' id='word_1_193' title='bbox 677 3244 802 3296; x_wconf 80' lang='lat' dir='ltr'><strong>militibus</strong></span> <span class='ocrx_word' id='word_1_194' title='bbox 821 3243 971 3296; x_wconf 80' lang='lat' dir='ltr'><strong>terribilem.</strong></span> <span class='ocrx_word' id='word_1_195' title='bbox 992 3272 1026 3286; x_wconf 89' lang='lat'><strong>·-</strong></span> <span class='ocrx_word' id='word_1_196' title='bbox 1048 3244 1120 3315; x_wconf 68' lang='lat' dir='ltr'><strong>erqo]</strong></span> <span class='ocrx_word' id='word_1_197' title='bbox 1136 3240 1233 3293; x_wconf 80' lang='lat' dir='ltr'><strong>Abbir</strong></span> 
     </span>
     <span class='ocr_line' id='line_1_30' title="bbox 133 3311 1269 3383; baseline -0.004 -17"><span class='ocrx_word' id='word_1_198' title='bbox 133 3316 217 3383; x_wconf 73' lang='lat' dir='ltr'><strong>igitur</strong></span> <span class='ocrx_word' id='word_1_199' title='bbox 237 3311 366 3369; x_wconf 84' lang='lat' dir='ltr'><strong>molestiis</strong></span> <span class='ocrx_word' id='word_1_200' title='bbox 384 3315 502 3383; x_wconf 74' lang='lat' dir='ltr'><strong>agricola</strong></span> <span class='ocrx_word' id='word_1_201' title='bbox 521 3331 578 3366; x_wconf 87' lang='lat' dir='ltr'><strong>curn</strong></span> <span class='ocrx_word' id='word_1_202' title='bbox 598 3317 665 3368; x_wconf 86' lang='lat' dir='ltr'><strong>liber</strong></span> <span class='ocrx_word' id='word_1_203' title='bbox 682 3317 734 3381; x_wconf 90' lang='lat' dir='ltr'><strong>sit,</strong></span> <span class='ocrx_word' id='word_1_204' title='bbox 766 3324 846 3367; x_wconf 88' lang='lat' dir='ltr'><strong>toturn</strong></span> <span class='ocrx_word' id='word_1_205' title='bbox 871 3330 902 3367; x_wconf 87' lang='lat' dir='ltr'><strong>se</strong></span> <span class='ocrx_word' id='word_1_206' title='bbox 928 3316 1100 3382; x_wconf 83' lang='lat' dir='ltr'><strong>dore-potest</strong></span> <span class='ocrx_word' id='word_1_207' title='bbox 1125 3322 1233 3363; x_wconf 73' lang='lat' dir='ltr'><strong>notum</strong></span> <span class='ocrx_word' id='word_1_208' title='bbox 1266 3342 1269 3349; x_wconf 68' lang='lat'>›</span> 
     </span>
     <span class='ocr_line' id='line_1_31' title="bbox 131 3384 1232 3454; baseline -0.003 -18"><span class='ocrx_word' id='word_1_209' title='bbox 131 3384 357 3447; x_wconf 74' lang='lat' dir='ltr'><strong>amoenitatibns3</strong></span> <span class='ocrx_word' id='word_1_210' title='bbox 384 3402 491 3454; x_wconf 78' lang='lat' dir='ltr'><strong>quorum</strong></span> <span class='ocrx_word' id='word_1_211' title='bbox 517 3387 621 3453; x_wconf 87' lang='lat' dir='ltr'><strong>quidem</strong></span> <span class='ocrx_word' id='word_1_212' title='bbox 650 3398 743 3451; x_wconf 73' lang='lat' dir='ltr'><strong>mogun</strong></span> <span class='ocrx_word' id='word_1_213' title='bbox 761 3387 886 3454; x_wconf 87' lang='lat' dir='ltr'><strong>qunednsn</strong></span> <span class='ocrx_word' id='word_1_214' title='bbox 912 3385 1001 3438; x_wconf 85' lang='lat' dir='ltr'><strong>tnbnlu</strong></span> <span class='ocrx_word' id='word_1_215' title='bbox 1018 3385 1113 3437; x_wconf 85' lang='lat' dir='ltr'><strong>deiude</strong></span> <span class='ocrx_word' id='word_1_216' title='bbox 1132 3396 1232 3451; x_wconf 75' lang='lat' dir='ltr'><strong>propo-</strong></span> 
     </span>
     <span class='ocr_line' id='line_1_32' title="bbox 132 3454 1231 3527; baseline -0.003 -21"><span class='ocrx_word' id='word_1_217' title='bbox 132 3457 213 3508; x_wconf 89' lang='lat' dir='ltr'><strong>nitur.</strong></span> <span class='ocrx_word' id='word_1_218' title='bbox 254 3486 288 3495; x_wconf 92' lang='grc'>-</span> <span class='ocrx_word' id='word_1_219' title='bbox 324 3454 415 3509; x_wconf 65' lang='lat' dir='ltr'><strong>Multo</strong></span> <span class='ocrx_word' id='word_1_220' title='bbox 438 3460 593 3527; x_wconf 60' lang='lat' dir='ltr'><strong>propagine]</strong></span> <span class='ocrx_word' id='word_1_221' title='bbox 622 3455 750 3509; x_wconf 80' lang='lat' dir='ltr'><strong>Novellne</strong></span> <span class='ocrx_word' id='word_1_222' title='bbox 774 3459 842 3509; x_wconf 85' lang='lat' dir='ltr'><strong>vites</strong></span> <span class='ocrx_word' id='word_1_223' title='bbox 866 3460 942 3509; x_wconf 84' lang='lat' dir='ltr'><strong>tertio</strong></span> <span class='ocrx_word' id='word_1_224' title='bbox 960 3469 1028 3507; x_wconf 84' lang='lat' dir='ltr'><strong>enno</strong></span> <span class='ocrx_word' id='word_1_225' title='bbox 1052 3470 1110 3506; x_wconf 86' lang='lat' dir='ltr'><strong>curn</strong></span> <span class='ocrx_word' id='word_1_226' title='bbox 1129 3455 1231 3504; x_wconf 87' lang='lat' dir='ltr'><strong>rudicos</strong></span> 
     </span>
     <span class='ocr_line' id='line_1_33' title="bbox 133 3523 1234 3593; baseline -0.005 -14"><span class='ocrx_word' id='word_1_227' title='bbox 133 3529 200 3579; x_wconf 76' lang='lat' dir='ltr'><strong>sotis</strong></span> <span class='ocrx_word' id='word_1_228' title='bbox 225 3526 315 3593; x_wconf 73' lang='lat' dir='ltr'><strong>egisse</strong></span> <span class='ocrx_word' id='word_1_229' title='bbox 344 3528 511 3591; x_wconf 86' lang='lat' dir='ltr'><strong>riderentur,</strong></span> <span class='ocrx_word' id='word_1_230' title='bbox 538 3530 663 3580; x_wconf 73' lang='lat' dir='ltr'><strong>morituri</strong></span> <span class='ocrx_word' id='word_1_231' title='bbox 686 3528 814 3578; x_wconf 82' lang='lat' dir='ltr'><strong>solebant.</strong></span> <span class='ocrx_word' id='word_1_232' title='bbox 855 3526 916 3578; x_wconf 84' lang='lat' dir='ltr'><strong>vide</strong></span> <span class='ocrx_word' id='word_1_233' title='bbox 936 3527 967 3577; x_wconf 85' lang='lat' dir='ltr'><strong>nd</strong></span> <span class='ocrx_word' id='word_1_234' title='bbox 987 3525 1069 3578; x_wconf 78' lang='lat' dir='ltr'><strong>Cerno.</strong></span> <span class='ocrx_word' id='word_1_235' title='bbox 1094 3523 1234 3587; x_wconf 80' lang='lat' dir='ltr'><strong>ll‚15‚t.</strong></span> 
     </span>
     <span class='ocr_line' id='line_1_34' title="bbox 134 3597 1237 3663; baseline -0.005 -13"><span class='ocrx_word' id='word_1_236' title='bbox 134 3598 213 3650; x_wconf 77' lang='lat' dir='ltr'><strong>stra·</strong></span> <span class='ocrx_word' id='word_1_237' title='bbox 233 3597 393 3649; x_wconf 77' lang='lat' dir='ltr'><strong>adieetivum</strong></span> <span class='ocrx_word' id='word_1_238' title='bbox 412 3615 444 3650; x_wconf 86' lang='lat' dir='ltr'><strong>ex</strong></span> <span class='ocrx_word' id='word_1_239' title='bbox 462 3608 554 3650; x_wconf 78' lang='lat' dir='ltr'><strong>notura</strong></span> <span class='ocrx_word' id='word_1_240' title='bbox 571 3612 658 3649; x_wconf 85' lang='lat' dir='ltr'><strong>eornm</strong></span> <span class='ocrx_word' id='word_1_241' title='bbox 678 3597 796 3648; x_wconf 82' lang='lat' dir='ltr'><strong>orborum</strong></span> <span class='ocrx_word' id='word_1_242' title='bbox 815 3600 922 3663; x_wconf 82' lang='lat' dir='ltr'><strong>petitum</strong></span> <span class='ocrx_word' id='word_1_243' title='bbox 940 3612 993 3647; x_wconf 90' lang='lat' dir='ltr'><strong>non</strong></span> <span class='ocrx_word' id='word_1_244' title='bbox 1010 3597 1237 3661; x_wconf 82' lang='lat' dir='ltr'><strong>estlnnnenequo</strong></span> 
     </span>
     <span class='ocr_line' id='line_1_35' title="bbox 133 3664 1235 3738; baseline -0.005 -18"><span class='ocrx_word' id='word_1_245' title='bbox 133 3667 288 3720; x_wconf 76' lang='lat' dir='ltr'><strong>mutandum</strong></span> <span class='ocrx_word' id='word_1_246' title='bbox 307 3671 334 3719; x_wconf 90' lang='lat' dir='ltr'><strong>in</strong></span> <span class='ocrx_word' id='word_1_247' title='bbox 352 3669 443 3734; x_wconf 66' lang='lat' dir='ltr'><strong>ebat,</strong></span> <span class='ocrx_word' id='word_1_248' title='bbox 461 3672 488 3720; x_wconf 90' lang='lat' dir='ltr'><strong>in</strong></span> <span class='ocrx_word' id='word_1_249' title='bbox 507 3669 576 3738; x_wconf 85' lang='lat' dir='ltr'><strong>quod</strong></span> <span class='ocrx_word' id='word_1_250' title='bbox 595 3669 685 3719; x_wconf 84' lang='lat' dir='ltr'><strong>incidit</strong></span> <span class='ocrx_word' id='word_1_251' title='bbox 703 3667 849 3718; x_wconf 77' lang='lat' dir='ltr'><strong>Lambinus.</strong></span> <span class='ocrx_word' id='word_1_252' title='bbox 874 3692 903 3708; x_wconf 94' lang='lat'><strong>-·</strong></span> <span class='ocrx_word' id='word_1_253' title='bbox 923 3667 982 3718; x_wconf 81' lang='lat' dir='ltr'><strong>Aut.</strong></span> <span class='ocrx_word' id='word_1_254' title='bbox 1002 3668 1032 3718; x_wconf 81' lang='lat' dir='ltr'><strong>e&#39;n</strong></span> <span class='ocrx_word' id='word_1_255' title='bbox 1048 3664 1167 3735; x_wconf 65' lang='lat' dir='ltr'><strong>adacto]</strong></span> <span class='ocrx_word' id='word_1_256' title='bbox 1195 3664 1235 3715; x_wconf 84' lang='lat' dir='ltr'><strong>Nc</strong></span> 
     </span>
     <span class='ocr_line' id='line_1_36' title="bbox 132 3736 1235 3807; baseline -0.006 -16"><span class='ocrx_word' id='word_1_257' title='bbox 132 3740 267 3791; x_wconf 72' lang='lat' dir='ltr'><strong>maritatio</strong></span> <span class='ocrx_word' id='word_1_258' title='bbox 286 3741 377 3791; x_wconf 86' lang='lat' dir='ltr'><strong>vitium</strong></span> <span class='ocrx_word' id='word_1_259' title='bbox 398 3741 431 3791; x_wconf 82' lang='lat' dir='ltr'><strong>nb</strong></span> <span class='ocrx_word' id='word_1_260' title='bbox 456 3739 535 3793; x_wconf 82' lang='lat' dir='ltr'><strong>simili</strong></span> <span class='ocrx_word' id='word_1_261' title='bbox 563 3754 643 3807; x_wconf 87' lang='lat' dir='ltr'><strong>opere</strong></span> <span class='ocrx_word' id='word_1_262' title='bbox 666 3740 807 3804; x_wconf 77' lang='lat' dir='ltr'><strong>putationis</strong></span> <span class='ocrx_word' id='word_1_263' title='bbox 826 3745 853 3789; x_wconf 85' lang='lat' dir='ltr'><strong>et</strong></span> <span class='ocrx_word' id='word_1_264' title='bbox 869 3738 999 3789; x_wconf 87' lang='lat' dir='ltr'><strong>insitionis</strong></span> <span class='ocrx_word' id='word_1_265' title='bbox 1018 3736 1138 3788; x_wconf 81' lang='lat' dir='ltr'><strong>arborum</strong></span> <span class='ocrx_word' id='word_1_266' title='bbox 1156 3750 1235 3802; x_wconf 82' lang='lat' dir='ltr'><strong>seps-</strong></span> 
     </span>
     <span class='ocr_line' id='line_1_37' title="bbox 133 3807 1237 3871; baseline -0.005 -10"><span class='ocrx_word' id='word_1_267' title='bbox 133 3819 249 3871; x_wconf 80' lang='lat' dir='ltr'><strong>metor,</strong></span> <span class='ocrx_word' id='word_1_268' title='bbox 267 3810 342 3862; x_wconf 87' lang='lat' dir='ltr'><strong>multi</strong></span> <span class='ocrx_word' id='word_1_269' title='bbox 363 3811 476 3864; x_wconf 82' lang='lat' dir='ltr'><strong>editores</strong></span> <span class='ocrx_word' id='word_1_270' title='bbox 495 3813 582 3861; x_wconf 86' lang='lat' dir='ltr'><strong>invitis</strong></span> <span class='ocrx_word' id='word_1_271' title='bbox 602 3808 735 3861; x_wconf 80' lang='lat' dir='ltr'><strong>codicibus</strong></span> <span class='ocrx_word' id='word_1_272' title='bbox 754 3809 823 3859; x_wconf 88' lang='lat' dir='ltr'><strong>bunc</strong></span> <span class='ocrx_word' id='word_1_273' title='bbox 835 3807 1084 3860; x_wconf 83' lang='lat' dir='ltr'><strong>versuumordinem</strong></span> <span class='ocrx_word' id='word_1_274' title='bbox 1093 3808 1237 3858; x_wconf 77' lang='lat' dir='ltr'><strong>mutuen-</strong></span> 
     </span>
     <span class='ocr_line' id='line_1_38' title="bbox 134 3876 1233 3948; baseline -0.004 -17"><span class='ocrx_word' id='word_1_275' title='bbox 134 3881 198 3931; x_wconf 85' lang='lat' dir='ltr'><strong>dunt</strong></span> <span class='ocrx_word' id='word_1_276' title='bbox 227 3889 405 3945; x_wconf 81' lang='lat' dir='ltr'><strong>censuerunt,</strong></span> <span class='ocrx_word' id='word_1_277' title='bbox 432 3891 461 3933; x_wconf 88' lang='lat' dir='ltr'><strong>ut</strong></span> <span class='ocrx_word' id='word_1_278' title='bbox 488 3897 531 3933; x_wconf 78' lang='lat' dir='ltr'><strong>rr.</strong></span> <span class='ocrx_word' id='word_1_279' title='bbox 554 3884 594 3933; x_wconf 91' lang='grc'><strong>11.</strong></span> <span class='ocrx_word' id='word_1_280' title='bbox 618 3883 650 3933; x_wconf 72' lang='lat'><strong>12</strong></span> <span class='ocrx_word' id='word_1_281' title='bbox 673 3881 865 3948; x_wconf 84' lang='lat' dir='ltr'><strong>insequentium</strong></span> <span class='ocrx_word' id='word_1_282' title='bbox 884 3892 1005 3930; x_wconf 84' lang='lat' dir='ltr'><strong>versuum</strong></span> <span class='ocrx_word' id='word_1_283' title='bbox 1025 3878 1066 3930; x_wconf 82' lang='lat'><strong>13.</strong></span> <span class='ocrx_word' id='word_1_284' title='bbox 1086 3876 1233 3933; x_wconf 74' lang='lat' dir='ltr'><strong>illosum</strong></span> 
     </span>
     <span class='ocr_line' id='line_1_39' title="bbox 135 3949 1237 4018; baseline -0.005 -17"><span class='ocrx_word' id='word_1_285' title='bbox 135 3961 310 4018; x_wconf 80' lang='lat' dir='ltr'><strong>occuparent.</strong></span> <span class='ocrx_word' id='word_1_286' title='bbox 348 3954 476 4006; x_wconf 82' lang='lat' dir='ltr'><strong>birritetio</strong></span> <span class='ocrx_word' id='word_1_287' title='bbox 494 3961 580 4005; x_wconf 83' lang='lat' dir='ltr'><strong>nutem</strong></span> <span class='ocrx_word' id='word_1_288' title='bbox 599 3967 689 4003; x_wconf 84' lang='lat' dir='ltr'><strong>mense</strong></span> <span class='ocrx_word' id='word_1_289' title='bbox 710 3951 737 4001; x_wconf 87' lang='lat' dir='ltr'><strong>lit</strong></span> <span class='ocrx_word' id='word_1_290' title='bbox 756 3949 877 4013; x_wconf 81' lang='lat' dir='ltr'><strong>Octobri,</strong></span> <span class='ocrx_word' id='word_1_291' title='bbox 895 3952 994 4016; x_wconf 81' lang='lat' dir='ltr'><strong>putetio</strong></span> <span class='ocrx_word' id='word_1_292' title='bbox 1014 3958 1041 4001; x_wconf 88' lang='lat' dir='ltr'><strong>et</strong></span> <span class='ocrx_word' id='word_1_293' title='bbox 1060 3949 1149 4001; x_wconf 85' lang='lat' dir='ltr'><strong>insitio</strong></span> <span class='ocrx_word' id='word_1_294' title='bbox 1166 3949 1237 4000; x_wconf 72' lang='lat' dir='ltr'><strong>binr-</strong></span> 
     </span>
     <span class='ocr_line' id='line_1_40' title="bbox 135 4022 1237 4092; baseline 0 -19"><span class='ocrx_word' id='word_1_295' title='bbox 135 4024 197 4089; x_wconf 91' lang='lat' dir='ltr'><strong>tio;</strong></span> <span class='ocrx_word' id='word_1_296' title='bbox 217 4025 287 4075; x_wconf 88' lang='lat' dir='ltr'><strong>inter</strong></span> <span class='ocrx_word' id='word_1_297' title='bbox 307 4030 442 4092; x_wconf 79' lang='lat' dir='ltr'><strong>utromque</strong></span> <span class='ocrx_word' id='word_1_298' title='bbox 463 4023 494 4075; x_wconf 81' lang='lat' dir='ltr'><strong>nd</strong></span> <span class='ocrx_word' id='word_1_299' title='bbox 514 4022 631 4075; x_wconf 86' lang='lat' dir='ltr'><strong>ordinem</strong></span> <span class='ocrx_word' id='word_1_300' title='bbox 650 4025 709 4075; x_wconf 79' lang='lat' dir='ltr'><strong>runi</strong></span> <span class='ocrx_word' id='word_1_301' title='bbox 732 4030 757 4073; x_wconf 86' lang='lat' dir='ltr'><strong>et</strong></span> <span class='ocrx_word' id='word_1_302' title='bbox 770 4030 877 4075; x_wconf 76' lang='lat' dir='ltr'><strong>neturus</strong></span> <span class='ocrx_word' id='word_1_303' title='bbox 896 4029 1068 4073; x_wconf 74' lang='lat' dir='ltr'><strong>armentorum</strong></span> <span class='ocrx_word' id='word_1_304' title='bbox 1082 4027 1237 4089; x_wconf 81' lang='lat' dir='ltr'><strong>prospectui</strong></span> 
     </span>
     <span class='ocr_line' id='line_1_41' title="bbox 137 4090 1239 4161; baseline -0.002 -18"><span class='ocrx_word' id='word_1_305' title='bbox 137 4095 248 4161; x_wconf 81' lang='lat' dir='ltr'><strong>ponitur</strong></span> <span class='ocrx_word' id='word_1_306' title='bbox 267 4102 297 4145; x_wconf 92' lang='lat' dir='ltr'><strong>ut</strong></span> <span class='ocrx_word' id='word_1_307' title='bbox 316 4094 436 4147; x_wconf 83' lang='lat' dir='ltr'><strong>orborum</strong></span> <span class='ocrx_word' id='word_1_308' title='bbox 456 4090 613 4147; x_wconf 87' lang='lat' dir='ltr'><strong>intermissio</strong></span> <span class='ocrx_word' id='word_1_309' title='bbox 634 4103 661 4144; x_wconf 87' lang='lat' dir='ltr'><strong>et</strong></span> <span class='ocrx_word' id='word_1_310' title='bbox 678 4092 850 4161; x_wconf 75' lang='lat' dir='ltr'><strong>agricolarum</strong></span> <span class='ocrx_word' id='word_1_311' title='bbox 876 4092 1005 4159; x_wconf 72' lang='lat' dir='ltr'><strong>voluptas.</strong></span> <span class='ocrx_word' id='word_1_312' title='bbox 1052 4092 1085 4142; x_wconf 91' lang='lat' dir='ltr'><strong>el.</strong></span> <span class='ocrx_word' id='word_1_313' title='bbox 1113 4091 1197 4145; x_wconf 75' lang='lat' dir='ltr'><strong>Germ</strong></span> <span class='ocrx_word' id='word_1_314' title='bbox 1219 4090 1239 4154; x_wconf 91' lang='grc'><strong>1,</strong></span> 
     </span>
     <span class='ocr_line' id='line_1_42' title="bbox 140 4161 1236 4239; baseline -0.005 -25"><span class='ocrx_word' id='word_1_315' title='bbox 140 4163 185 4227; x_wconf 85' lang='grc'><strong>17,</strong></span> <span class='ocrx_word' id='word_1_316' title='bbox 208 4166 251 4217; x_wconf 83' lang='grc'><strong>17.</strong></span> <span class='ocrx_word' id='word_1_317' title='bbox 271 4196 304 4206; x_wconf 93' lang='grc'>-</span> <span class='ocrx_word' id='word_1_318' title='bbox 325 4165 469 4239; x_wconf 77' lang='lat' dir='ltr'><strong>inutilesce]</strong></span> <span class='ocrx_word' id='word_1_319' title='bbox 490 4167 533 4218; x_wconf 91' lang='lat' dir='ltr'><strong>Sic</strong></span> <span class='ocrx_word' id='word_1_320' title='bbox 551 4181 583 4216; x_wconf 85' lang='lat' dir='ltr'><strong>er</strong></span> <span class='ocrx_word' id='word_1_321' title='bbox 600 4165 711 4216; x_wconf 83' lang='lat' dir='ltr'><strong>Bentleii</strong></span> <span class='ocrx_word' id='word_1_322' title='bbox 733 4166 884 4217; x_wconf 77' lang='lat' dir='ltr'><strong>coniectura</strong></span> <span class='ocrx_word' id='word_1_323' title='bbox 901 4178 948 4230; x_wconf 87' lang='lat' dir='ltr'><strong>pro</strong></span> <span class='ocrx_word' id='word_1_324' title='bbox 966 4162 1129 4230; x_wconf 65' lang='lat' dir='ltr'><strong>inutilesque,</strong></span> <span class='ocrx_word' id='word_1_325' title='bbox 1146 4175 1182 4213; x_wconf 83' lang='lat' dir='ltr'><strong>ne</strong></span> <span class='ocrx_word' id='word_1_326' title='bbox 1193 4161 1236 4211; x_wconf 48' lang='lat' dir='ltr'><strong>dle</strong></span> 
     </span>
     <span class='ocr_line' id='line_1_43' title="bbox 138 4234 1238 4304; baseline -0.002 -19"><span class='ocrx_word' id='word_1_327' title='bbox 138 4250 217 4286; x_wconf 75' lang='lat' dir='ltr'><strong>uerso</strong></span> <span class='ocrx_word' id='word_1_328' title='bbox 237 4236 306 4287; x_wconf 80' lang='lat' dir='ltr'><strong>mole</strong></span> <span class='ocrx_word' id='word_1_329' title='bbox 320 4239 451 4304; x_wconf 75' lang='lat' dir='ltr'><strong>coniungi</strong></span> <span class='ocrx_word' id='word_1_330' title='bbox 470 4237 616 4288; x_wconf 76' lang='lat' dir='ltr'><strong>videantur.</strong></span> <span class='ocrx_word' id='word_1_331' title='bbox 653 4236 724 4288; x_wconf 85' lang='lat' dir='ltr'><strong>Idem</strong></span> <span class='ocrx_word' id='word_1_332' title='bbox 744 4234 907 4286; x_wconf 77' lang='lat' dir='ltr'><strong>iudicandum</strong></span> <span class='ocrx_word' id='word_1_333' title='bbox 925 4234 958 4284; x_wconf 85' lang='lat' dir='ltr'><strong>do</strong></span> <span class='ocrx_word' id='word_1_334' title='bbox 976 4248 1054 4286; x_wconf 87' lang='lat' dir='ltr'><strong>versu</strong></span> <span class='ocrx_word' id='word_1_335' title='bbox 1071 4234 1115 4287; x_wconf 73' lang='lat'><strong>35.</strong></span> <span class='ocrx_word' id='word_1_336' title='bbox 1134 4260 1168 4273; x_wconf 87' lang='lat'>-</span> <span class='ocrx_word' id='word_1_337' title='bbox 1195 4235 1238 4298; x_wconf 73' lang='lat' dir='ltr'><strong>se-</strong></span> 
     </span>
     <span class='ocr_line' id='line_1_44' title="bbox 136 4303 1239 4426; baseline -0.005 -69"><span class='ocrx_word' id='word_1_338' title='bbox 136 4305 256 4426; x_wconf 44' lang='lat' dir='ltr'><strong>{omns}</strong></span> <span class='ocrx_word' id='word_1_339' title='bbox 294 4306 456 4376; x_wconf 78' lang='lat' dir='ltr'><strong>l&#39;rugilerno</strong></span> <span class='ocrx_word' id='word_1_340' title='bbox 474 4308 580 4361; x_wconf 81' lang='lat' dir='ltr'><strong>orbores</strong></span> <span class='ocrx_word' id='word_1_341' title='bbox 607 4306 701 4359; x_wconf 78' lang='lat' dir='ltr'><strong>felices</strong></span> <span class='ocrx_word' id='word_1_342' title='bbox 726 4307 897 4361; x_wconf 79' lang='lat' dir='ltr'><strong>nominantur.</strong></span> <span class='ocrx_word' id='word_1_343' title='bbox 935 4306 1006 4373; x_wconf 74' lang='lat' dir='ltr'><strong>virg·</strong></span> <span class='ocrx_word' id='word_1_344' title='bbox 1026 4305 1120 4371; x_wconf 72' lang='lat' dir='ltr'><strong>Georg.</strong></span> <span class='ocrx_word' id='word_1_345' title='bbox 1139 4303 1174 4367; x_wconf 89' lang='lat' dir='ltr'><strong>ll,</strong></span> <span class='ocrx_word' id='word_1_346' title='bbox 1194 4303 1239 4358; x_wconf 85' lang='grc'><strong>81.</strong></span> 
     </span>
    </p>

    <p class='ocr_par' dir='ltr' id='par_1_5' title="bbox 156 4378 304 4439">
     <span class='ocr_line' id='line_1_45' title="bbox 156 4378 304 4439; baseline 0.02 -13"><span class='ocrx_word' id='word_1_347' title='bbox 156 4378 190 4427; x_wconf 86' lang='lat' dir='ltr'><strong>iv.</strong></span> <span class='ocrx_word' id='word_1_348' title='bbox 212 4378 242 4439; x_wconf 91' lang='lat' dir='ltr'><strong>V,</strong></span> <span class='ocrx_word' id='word_1_349' title='bbox 261 4378 304 4429; x_wconf 69' lang='lat' dir='ltr'><strong>tt</strong></span> 
     </span>
    </p>
   </div>
   <div class='ocr_carea' id='block_1_5' title="bbox 140 4459 1243 4606">
    <p class='ocr_par' dir='ltr' id='par_1_6' title="bbox 140 4459 1243 4606">
     <span class='ocr_line' id='line_1_46' title="bbox 210 4459 1243 4531; baseline -0.007 -15"><span class='ocrx_word' id='word_1_350' title='bbox 210 4467 239 4517; x_wconf 84' lang='lat' dir='ltr'><strong>V.</strong></span> <span class='ocrx_word' id='word_1_351' title='bbox 263 4463 304 4515; x_wconf 79' lang='lat'><strong>16.</strong></span> <span class='ocrx_word' id='word_1_352' title='bbox 322 4464 441 4530; x_wconf 60' lang='lat' dir='ltr'><strong>infime</strong></span> <span class='ocrx_word' id='word_1_353' title='bbox 461 4472 530 4529; x_wconf 72' lang='lat' dir='ltr'><strong>occe]</strong></span> <span class='ocrx_word' id='word_1_354' title='bbox 548 4464 692 4517; x_wconf 79' lang='lat' dir='ltr'><strong>imbecillas</strong></span> <span class='ocrx_word' id='word_1_355' title='bbox 712 4463 854 4531; x_wconf 85' lang='lat' dir='ltr'><strong>multisque</strong></span> <span class='ocrx_word' id='word_1_356' title='bbox 872 4462 971 4514; x_wconf 90' lang='lat' dir='ltr'><strong>morbis</strong></span> <span class='ocrx_word' id='word_1_357' title='bbox 989 4461 1125 4513; x_wconf 79' lang='lat' dir='ltr'><strong>obnoxios.</strong></span> <span class='ocrx_word' id='word_1_358' title='bbox 1147 4490 1181 4501; x_wconf 90' lang='lat'>-</span> <span class='ocrx_word' id='word_1_359' title='bbox 1201 4459 1243 4512; x_wconf 84' lang='lat' dir='ltr'><strong>oei</strong></span> 
     </span>
     <span class='ocr_line' id='line_1_47' title="bbox 140 4529 1243 4606; baseline 0 -20"><span class='ocrx_word' id='word_1_360' title='bbox 140 4540 207 4606; x_wconf 68' lang='lat' dir='ltr'><strong>wer]</strong></span> <span class='ocrx_word' id='word_1_361' title='bbox 234 4535 303 4601; x_wconf 80' lang='lat' dir='ltr'><strong>,Vei</strong></span> <span class='ocrx_word' id='word_1_362' title='bbox 320 4536 360 4589; x_wconf 88' lang='lat' dir='ltr'><strong>sic</strong></span> <span class='ocrx_word' id='word_1_363' title='bbox 378 4543 531 4604; x_wconf 78' lang='lat' dir='ltr'><strong>usurpetum</strong></span> <span class='ocrx_word' id='word_1_364' title='bbox 548 4551 605 4587; x_wconf 83' lang='lat' dir='ltr'><strong>erm</strong></span> <span class='ocrx_word' id='word_1_365' title='bbox 623 4536 704 4590; x_wconf 81' lang='lat' dir='ltr'><strong>hebet</strong></span> <span class='ocrx_word' id='word_1_366' title='bbox 722 4543 895 4604; x_wconf 72' lang='lat' dir='ltr'><strong>potestatem,</strong></span> <span class='ocrx_word' id='word_1_367' title='bbox 915 4541 944 4586; x_wconf 88' lang='lat' dir='ltr'><strong>nt</strong></span> <span class='ocrx_word' id='word_1_368' title='bbox 962 4534 1097 4587; x_wconf 82' lang='lat' dir='ltr'><strong>trsnsitunt</strong></span> <span class='ocrx_word' id='word_1_369' title='bbox 1111 4538 1191 4604; x_wconf 65' lang='lat' dir='ltr'><strong>noret</strong></span> <span class='ocrx_word' id='word_1_370' title='bbox 1209 4529 1243 4586; x_wconf 77' lang='lat' dir='ltr'><strong>sd</strong></span> 
     </span>
    </p>
   </div>
   <div class='ocr_carea' id='block_1_6' title="bbox 0 0 1573 5042">
    <p class='ocr_par' dir='ltr' id='par_1_7' title="bbox 0 0 1573 5042">
     <span class='ocr_line' id='line_1_48' title="bbox 0 0 1573 5042; baseline 0 0"><span class='ocrx_word' id='word_1_371' title='bbox 0 0 1573 5042; x_wconf 95' lang='lat' dir='ltr'><strong> </strong></span> 
     </span>
    </p>
   </div>
  </div>
 </body>
</html>
