3117 5042
460 405 600 471 TAM.
645 404 807 471 EPTST.
831 408 897 472 vlt.

222 584 270 647 dt
291 602 379 650 arare
400 584 566 653 meet
588 592 676 653 vater
698 593 769 651 [aar
789 594 821 651 ei
840 588 900 653 aiii
923 597 1031 672 puroet

221 692 466 776 contractusque
482 695 590 776 ἱεράς
610 701 659 773 te,
679 695 780 781 dunin
799 697 915 775 aurine,
935 698 1052 761 reviret

223 799 298 864 Can
320 801 541 897 Zephyriosei
561 804 735 882 ermedeo,
754 811 786 866 et
809 804 975 869 hirundine
994 806 1118 887 primu·

223 910 290 972 Nou
314 927 376 991 que
397 928 483 973 nore
500 910 587 990 pyria
604 910 690 974 venei
712 910 850 977 calaber
871 912 955 977 iubet
976 913 1099 996 hospes,

171 1032 203 1076 rs
224 1018 272 1078 Tu
292 1036 342 1080 ne
363 1002 464 1095 feriati
486 1020 680 1101 iourpletear.
713 1021 857 1095 dvm
874 1020 975 1086 aeder.

223 1126 287 1188 iau
308 1126 386 1189 ratu
406 1128 465 1191 est
506 1128 549 1191 At
571 1136 771 1211 tuquautum
792 1129 840 1191 via
860 1129 945 1191 teile.
988 1129 1135 1212 Benigne

224 1234 292 1305 Non
312 1232 415 1299 iuriaa
434 1237 518 1298 terea
537 1237 642 1318 poeria
662 1237 841 1301 numeria
863 1236 983 1318 pervia

224 1342 304 1405 'rau
324 1350 433 1405 teneor
454 1343 537 1406 deuo
558 1362 648 1426 quam
669 1343 700 1407 ei
720 1345 858 1408 timitem
876 1351 1014 1411 mim
1107 1360 1115 1369 ·

228 1448 268 1510 ut
287 1449 380 1512 ittet:
400 1450 479 1513 iuer
502 1453 606 1532 poreie
625 1451 716 1516 hodie
738 1452 925 1517 comedenda
945 1452 1109 1534 reti-quea

172 1571 205 1616 no
227 1555 381 1637 Prodigus
400 1564 434 1620 et
454 1560 568 1621 urim
585 1559 782 1642 deniquae
800 1560 920 1641 apernit
940 1559 1077 1625 etudit:

228 1663 312 1725 liuee
336 1665 685 1747 eegeehgrutou'tuiit
701 1674 739 1729 et
757 1669 840 1730 ieret
861 1668 1001 1733 noun
1026 1666 1149 1730 motu«

226 1770 283 1833 Vir
304 1771 403 1837 iouue
429 1781 460 1835 et
481 1774 606 1855 rapiere
633 1774 739 1856 dignis
757 1775 803 1838 ait
823 1793 892 1837 earn
913 1780 1051 1857 partiris,
1086 1777 1109 1813 ·’

225 1876 289 1940 Nee
309 1886 413 1943 tamen
434 1880 561 1962 ignum
581 1880 655 1964 qaid
668 1860 800 1947 'duent
815 1899 892 1946 uera
912 1882 1056 1977 lupini&
1147 1898 1152 1939 ἱ

226 1986 361 2068 Iiiguuru
373 1988 551 2069 ,prueaiaira
570 2008 620 2052 are
642 1991 735 2054 etiam
753 2008 812 2075 pro
832 1990 925 2053 uude
946 1989 1103 2053 merenti.
1135 1998 1139 2005 “

139 2150 275 2233 uiveliam
293 2148 491 2219 adsperguntur.
519 2183 553 2193 -
567 2210 569 2219 Ι
581 2153 617 2204 ed
632 2159 716 2224 mare]
739 2153 796 2205 iiou
818 2154 886 2204 maie
906 2155 1077 2205 coniecerunt
1096 2142 1144 2203 viri
1166 2152 1236 2202 docti

139 2232 175 2270 ex
195 2234 273 2273 verau
293 2220 328 2272 45
345 2221 483 2273 Tarentum
505 2224 663 2289 rigm'fieari3
691 2240 750 2277 narn
777 2238 836 2274 eum
853 2223 932 2278 Tibur
950 2232 977 2275 et
989 2224 1126 2276 Tarentum
1146 2230 1238 2272 contra

140 2290 235 2341 urbem
253 2291 361 2343 Romam
377 2292 413 2343 ibi
434 2296 566 2361 posuerit,
587 2311 619 2347 eo
637 2303 722 2346 autem
742 2297 800 2363 ipro
817 2303 1003 2363 temporeque
1023 2294 1150 2346 scriberet
1168 2292 1235 2342 hauc

140 2362 282 2428 epistolam
302 2380 363 2414 rure
383 2371 422 2431 (v.
445 2366 473 2432 1)
494 2365 509 2414 i.
531 2380 554 2420 e.
575 2366 600 2416 iu
620 2364 683 2417 viiia
701 2381 747 2416 auu
768 2381 850 2432 prope
867 2364 945 2415 Tibur
963 2367 1013 2415 sita
1033 2363 1129 2427 diutius
1150 2378 1236 2414 mora-

140 2441 224 2499 retur,
246 2431 314 2483 uitro
335 2437 409 2501 quaet
426 2436 453 2486 iu
472 2434 608 2486 Tarentum
629 2450 698 2489 nunc
715 2436 868 2498 inuidimue3
886 2450 945 2487 cuna
962 2451 1013 2503 qua
1025 2450 1055 2486 re
1066 2446 1118 2485 uon
1137 2442 1236 2484 temere

141 2504 290 2569 coniungas
308 2503 444 2556 Calabrum
463 2504 591 2573 hospitem
610 2523 633 2557 v.
649 2507 690 2570 14,
709 2523 788 2575 quem
804 2521 850 2557 cur
870 2507 952 2573 magia
976 2505 1144 2572 descripserit
1160 2518 1237 2570 quam

140 2574 223 2624 alium
245 2575 310 2624 aiiua
327 2577 444 2642 regionis
463 2591 514 2626 nou
533 2576 632 2641 videar,
652 2579 700 2628 nisi
722 2585 748 2628 et
765 2578 870 2643 saepius
890 2577 939 2627 iam
958 2576 1090 2628 Horatium
1111 2577 1136 2626 iu
1158 2573 1239 2625 Gaia-

140 2644 201 2695 bria
224 2643 305 2697 iuieae
323 2652 352 2696 et
368 2662 438 2698 uuna
456 2646 599 2699 Tarentum
616 2658 706 2714 petere
729 2647 802 2699 velia
830 2648 972 2699 existimer.
1008 2677 1040 2689 -
1076 2648 1237 2715 emautur]

140 2724 260 2766 remotus
281 2731 297 2766 a
315 2720 424 2784 strepitu
438 2732 551 2785 mugnae
571 2717 640 2770 urbia
665 2735 751 2787 neque
770 2718 908 2770 distractus
920 2719 998 2769 variis
1009 2718 1079 2769 curie
1091 2726 1117 2768 et
1131 2715 1236 2767 officiis.

143 2786 301 2847 Contractus
324 2790 397 2849 ,enim
426 2791 564 2856 opponitur
584 2790 706 2842 distracto
735 2799 761 2841 et
784 2792 902 2847 remisso.
939 2790 994 2841 Cic.
1013 2789 1045 2853 de
1065 2797 1130 2839 orat.
1149 2787 1171 2849 1,
1189 2786 1236 2851 59,

142 2858 213 2910 251:
242 2856 414 2919 „iudustriam
433 2861 570 2929 (oratoria)
599 2861 625 2911 iu
645 2861 718 2929 pium
736 2860 821 2912 studia
840 2859 984 2911 distrahere
1002 2859 1114 2910 nolim.“
1149 2857 1182 2909 id.
1204 2858 1238 2908 de

143 2928 201 2995 leg.
220 2924 380 2992 11,15‚38:
402 2935 553 3005 ,deonorum
575 2930 628 3000 via)
646 2942 698 2983 turn
717 2933 824 2984 remittit
841 2933 941 2982 animos
959 2939 1011 2981 tum
1030 2927 1182 2995 contrahitss
1201 2926 1236 2980 ei.

142 2999 230 3066 Epiat
250 2998 271 3063 1,
293 2998 332 3065 18,
350 3000 394 3053 90.
431 2999 470 3052 De
485 3001 583 3069 frigore
602 3005 670 3054 enirn
689 3005 714 3054 iu
734 3002 803 3066 ioco,
822 3018 899 3069 quem
919 3001 1017 3052 ritaudi
1036 3000 1140 3067 frigoris
1160 3012 1239 3049 causa

142 3071 287 3138 petiturum
304 3086 335 3122 ae
355 3071 418 3123 dicit
435 3081 526 3138 poeta,
551 3089 604 3125 uou
624 3072 686 3124 iicet
706 3076 831 3141 cogitare.
859 3102 893 3117 -
919 3072 1041 3145 denique]
1065 3080 1106 3122 eat
1123 3070 1241 3121 modeste

144 3140 303 3193 recusantia.
333 3140 367 3192 ci.
387 3142 475 3195 uon
505 3175 540 3185 -
572 3142 759 3210 teneorduno]
783 3145 857 3196 Vetat
873 3158 981 3195 caesura
1000 3140 1107 3206 v'ersue,
1130 3140 1241 3208 nequir

143 3213 216 3263 dono
233 3228 250 3263 a
268 3210 349 3263 verbo
368 3222 458 3264 teneor
475 3214 615 3280 reiungere
637 3224 664 3267 et
682 3231 738 3266 cum
752 3213 809 3266 aoio
823 3214 952 3266 adiectivo
964 3223 1067 3265 unmtru
1078 3214 1239 3279 coniungere

126 3282 228 3345 -reiit;
255 3280 287 3333 ad
307 3292 443 3351 utrumque
467 3292 506 3334 eat
524 3284 693 3337 referendum.
733 3286 836 3337 Donum
854 3295 939 3337 autern
958 3284 1113 3337 vocobulum
1131 3282 1240 3349 argutiis

143 3370 199 3405 nou
219 3362 260 3405 est
277 3353 495 3422 peraequandum,
516 3355 642 3422 siquidem
664 3354 750 3407 oblata
768 3356 894 3424 qunedprn
913 3374 964 3420 ree,
984 3356 1085 3408 etiamsi
1103 3354 1135 3405 ab
1155 3356 1239 3403 attero

143 3433 300 3488 recuratur,
319 3440 352 3475 ex
369 3433 456 3479 ruente
477 3426 533 3487 eiua
554 3426 598 3493 qui
620 3425 818 3479 obtuiitdouuru
841 3436 912 3479 recte
929 3427 1029 3479 dieitur,
1041 3452 1076 3468 ο-
1095 3424 1238 3491 relinquar]

145 3495 231 3555 Recte
248 3497 288 3547 eie
307 3496 396 3567 optimi
416 3496 521 3547 codices
557 3494 590 3544 ci.
610 3510 631 3545 v.
657 3494 699 3547 43.
780 3500 785 3507 ‘

216 3599 245 3650 V.
265 3598 309 3650 td.
342 3599 475 3668 prodipur}
503 3598 541 3649 Ea
558 3612 609 3665 que
628 3596 738 3650 Gaiaber
757 3598 854 3664 hospes
873 3596 993 3649 utebatur
1009 3598 1110 3646 ratione
1128 3593 1241 3644 donandi

145 3676 222 3720 recta
239 3684 292 3720 uon
312 3678 369 3732 eat,
394 3669 440 3719 eod
461 3668 627 3737 prodigorum
645 3667 776 3719 homiuum
798 3678 824 3718 et
844 3668 992 3728 attritorum
1021 3666 1152 3732 rapientes
1171 3665 1240 3715 eninr

146 3747 177 3789 et
195 3754 228 3790 ea
255 3739 342 3791 ruient
361 3739 424 3790 dare
441 3754 508 3806 quae
528 3742 576 3805 ipsi
596 3740 682 3807 magni
698 3741 836 3789 aestimant
852 3747 879 3787 et
895 3740 927 3793 iia
946 3736 1091 3787 hominibus
1110 3750 1175 3802 quos
1188 3736 1243 3785 uuir

134 3810 226 3865 ‚donia
246 3811 341 3878 dignos
360 3808 462 3862 habeut
499 3811 585 3873 Quare
604 3826 636 3860 ex
654 3809 808 3875 rapientium
832 3809 961 3859 hominum
979 3807 1054 3858 donis
1073 3807 1154 3873 gratie
1167 3806 1242 3868 redit,

144 3895 200 3932 uon
221 3896 253 3933 ex
274 3881 475 3935 atultomm.·-
494 3881 552 3932 tntu
571 3889 595 3931 et
612 3884 690 3950 feret}
710 3880 770 3931 vide
790 3879 821 3930 ed
842 3879 928 3935 Carm.
946 3879 977 3941 ΙΙ,
997 3877 1039 3941 id,
1057 3879 1100 3929 20.
1130 3905 1163 3920 -
1190 3893 1243 3944 pa·

144 3957 233 4022 retur]
250 3953 312 4003 ride
331 3951 431 4018 Zumpt
452 3967 489 4018 gr.
509 3950 551 4003 lat.
561 3952 657 4014 §.612
676 3984 707 3995 -
727 3966 794 4001 uera
811 3951 916 4017 irpinisi
935 3949 1041 4016 Lupinia
1057 3948 1133 4015 quasi
1151 3948 1242 3997 fictitia

145 4021 262 4090 peronia
280 4022 419 4074 utebantur
436 4028 463 4072 et
483 4020 611 4074 aleatores
632 4030 658 4072 er
678 4022 817 4072 histriones
838 4022 864 4070 io
883 4036 978 4079 reena3
1000 4019 1061 4070 inde
1076 4017 1242 4086 proverbium

143 4102 232 4144 ortum
268 4123 301 4136 -
330 4109 379 4162 pro
397 4092 475 4144 laude
491 4094 622 4165 merentiri
643 4094 769 4160 Compara
787 4088 888 4144 Lucret.
908 4093 938 4154 V,
958 4092 989 4141 2:
1018 4088 1096 4155 „Quis
1116 4091 1184 4156 potia
1203 4093 1245 4137 ert

142 4165 254 4233 dipnem
273 4163 382 4231 poiieuti
404 4172 509 4230 pectore
526 4180 628 4214 carmen
647 4163 766 4214 Condere
784 4178 834 4232 pro
853 4176 936 4212 rerum
956 4160 1127 4212 maiestate?“
1159 4158 1244 4210 Cicer.

145 4235 207 4287 Dir.
227 4238 254 4287 in
273 4236 351 4287 Care.
373 4236 414 4298 13,
431 4236 483 4286 42:
512 4235 655 4299 „Quidnam
692 4252 722 4284 ro
740 4235 885 4285 offensione
907 4234 1038 4284 hominum
1057 4240 1084 4281 et
1104 4237 1243 4296 exspecta-

134 4308 223 4357 tione
240 4308 354 4357 oninium
377 4302 482 4374 dippum
501 4304 589 4373 eioqui
612 4306 746 4372 poaermT“
776 4305 836 4354 iioe
849 4303 936 4355 dicere
952 4303 1069 4353 videtur:
1089 4302 1153 4364 ,‚T'a‚
1172 4300 1245 4350 diae-

145 4392 239 4442 ceuaa,
261 4390 319 4428 curn
338 4376 410 4427 dicar
428 4385 455 4427 te
469 4376 557 4443 dignis
574 4391 681 4444 semper
700 4391 759 4429 erae
780 4383 906 4441 paratum,
924 4377 950 4424 in
971 4390 1011 4425 rue
1029 4381 1114 4423 autem
1133 4380 1175 4438 tur
1195 4370 1246 4420 be·

144 4448 243 4499 nefleir
272 4446 434 4511 contulerit,
460 4462 569 4497 neeeare
586 4455 628 4497 eet
653 4446 749 4497 hubeae
768 4461 810 4497 me
827 4446 932 4512 dignum
956 4447 1006 4496 tuir
1027 4444 1110 4493 donia.
1160 4441 1247 4504 Quare

109 4546 117 4555 ·
143 4522 228 4573 etiarn
246 4518 386 4586 praeataho
411 4533 454 4570 rue
480 4517 587 4586 dignum
605 4526 632 4569 et
650 4519 686 4569 itu
704 4517 823 4586 quidem,
850 4526 878 4568 ut
899 4532 932 4568 ex
949 4515 1084 4567 beueiiciia
1101 4515 1153 4564 tuis
1173 4515 1200 4563 ia
1218 4519 1246 4562 te
