3117 5042
331 367 395 429 m
697 356 1059 426 llrlsrobnltssnl

411 542 586 625 Ariser‘lpslt
607 541 701 607 biber
719 541 844 618 Satyris
862 541 1036 624 Fannlsrpue
1057 544 1175 622 poetas,

377 671 392 715 s
412 652 494 717 Vina
513 652 706 716 foroiulem
727 651 870 714 oluerunt
891 668 980 713 mane
1001 648 1165 712 Camenae

414 760 572 826 nemitos
592 759 824 842 arguituryiui
846 759 971 822 vinosus
990 757 1158 832 nonem

415 868 533 931 Ennius
556 868 623 950 ipse
646 873 736 950 pater
755 885 910 949 nunqnam
930 866 990 930 risi
1011 873 1101 948 potos
1122 865 1162 927 al
1185 883 1276 927 orme

414 976 561 1040 Prosiluit
581 975 720 1040 slieeurla
763 975 877 1038 Forum
897 974 1063 1056 putealqee
1083 972 1210 1036 bilonis

416 1083 573 1148 naseos
592 1083 701 1160 sienis,
721 1082 855 1147 elimam
876 1085 1006 1150 matare
1025 1081 1156 1148 memb.

368 1208 398 1253 ro
417 1191 482 1258 lion
503 1190 593 1256 simul
615 1190 719 1269 elixi,
738 1209 801 1253 nou
821 1206 988 1254 cessavere
1009 1195 1120 1271 poetae

414 1301 574 1364 nonum
597 1304 723 1362 certare
743 1315 850 1375 mmo,
872 1304 982 1379 petere
1005 1296 1127 1360 diurno.

417 1406 519 1486 Quid,
541 1406 569 1470 si
584 1406 653 1489 qens
674 1406 761 1468 vultu
785 1411 876 1468 torvo
899 1407 986 1468 ferus
1009 1411 1041 1466 et
1063 1402 1142 1485 pede
1161 1402 1244 1465 uuio

421 1513 625 1596 Erigoneque
645 1521 742 1596 togae
762 1512 886 1576 simulet
907 1517 1030 1576 textore
1051 1511 1211 1583 Catonem,

420 1621 610 1693 virtutemne
632 1628 847 1703 repraesentet
866 1638 1028 1703 moresque
1049 1619 1206 1682 Catonisl

369 1747 398 1793 rs
419 1729 514 1812 Rupit
532 1728 679 1792 Iarbitam
700 1728 881 1810 Timagenis
905 1728 1027 1794 aemula
1048 1727 1165 1808 lingna,
1240 1781 1248 1796 ,

420 1839 498 1900 Dum
521 1837 624 1900 studet
647 1836 784 1900 urbanus
807 1837 966 1919 mndnqne
987 1835 1123 1898 disertus
1145 1833 1265 1896 baberi.

380 1993 384 2006 .
418 1944 541 2027 Decipit
562 1944 723 2026 exemplar
745 1944 830 2008 viliis
852 1944 1016 2007 imitabile:
1040 1942 1150 2026 quodsi

420 2053 573 2116 Pallerem
594 2072 676 2132 ossen
699 2053 841 2117 biberent
861 2070 1020 2133 exsangue
1040 2050 1200 2113 cuminum.

422 2164 449 2224 0
470 2161 662 2240 imitatores,
683 2180 807 2226 serrum
828 2180 939 2243 peonis,
963 2168 998 2224 ut
1019 2159 1095 2222 mibi
1117 2175 1211 2239 saepe

1016 2321 1043 2354 N

343 2372 391 2444 ll,
404 2367 432 2438 Ι,
449 2372 492 2429 42.
521 2404 555 2418 -
575 2376 696 2444 ,Satyris
712 2376 870 2444 Faunisque]
889 2374 1023 2440 perpetuis
1041 2374 1095 2424 snis
1113 2368 1261 2422 comitibus.
1299 2366 1381 2422 Germ,
1397 2366 1424 2428 ΙΙ,

344 2443 424 2507 19,4.
446 2475 476 2488 -
497 2444 646 2516 adscripsit]
665 2455 801 2514 ,tanquam
823 2449 848 2496 in
866 2446 997 2512 legionem
1016 2460 1103 2508 suam,
1122 2442 1248 2493 namhoc
1267 2439 1373 2491 verbum
1383 2443 1426 2488 mi·

343 2513 418 2566 litere
438 2522 485 2569 est.
504 2515 596 2585 Porpls.
630 2517 663 2569 cl.
686 2517 769 2568 Curru.
788 2517 836 2580 ΙΙΙ,
855 2517 881 2580 3,
902 2516 944 2572 35,
961 2545 997 2558 -
1014 2516 1069 2566 nini
1086 2516 1199 2580 vinosus]
1221 2510 1346 2561 Eiusdem
1363 2508 1427 2560 serbi

343 2584 459 2637 diversas
481 2585 575 2638 forinas
594 2595 620 2639 et
636 2596 742 2655 proptor
760 2589 812 2639 vim
830 2595 857 2638 et
876 2595 981 2654 propter
1000 2602 1092 2638 sonum
1110 2584 1260 2635 adamarunt
1281 2582 1355 2632 latini
1370 2582 1427 2632 scri·

344 2664 432 2724 ptores
452 2658 479 2706 in
498 2657 606 2727 eiusque
625 2662 662 2710 rei
680 2661 788 2726 gretiam
807 2658 944 2710 verborum
962 2656 1079 2708 ordinem
1097 2671 1149 2706 uon
1166 2669 1223 2704 raro
1244 2661 1382 2703 mutarunt
1398 2651 1427 2704 cl.

345 2727 398 2780 Sat.
413 2725 447 2789 ΙΙ,
466 2727 493 2792 2,
510 2728 553 2780 39.
591 2730 622 2781 ll.
640 2730 668 2781 P.
692 2730 750 2782 133.
787 2730 869 2796 Epist.
888 2729 908 2794 1,
931 2728 1055 2790 18‚5.e9
1085 2757 1119 2768 -
1138 2726 1273 2793 Homerus]
1294 2725 1329 2774 cl.
1349 2722 1428 2784 llll,

345 2798 416 2857 2613
435 2808 572 2863 praeterea
595 2796 652 2853 Τὸν
670 2801 749 2855 οἶνον
765 2802 910 2872 μελιηδέα,
925 2803 1106 2872 μελίφρονα,
1124 2797 1284 2868 idoneior,
1304 2795 1430 2862 εὐήνορα,

344 2874 503 2939 μενοεικέα.
524 2903 557 2914 -
594 2872 697 2923 Ennius
714 2878 803 2941 poter]
827 2874 882 2923 lloe
902 2872 1005 2922 nornine
1023 2878 1128 2920 ornatur
1146 2877 1172 2918 et
1190 2869 1251 2934 quia
1270 2868 1372 2931 priscus
1390 2866 1430 2914 luit

336 2945 373 2987 'el
392 2941 453 3006 qnia
474 2943 546 3007 quasi
567 2952 639 3007 pater
657 2945 748 3009 poesis'
760 2944 902 2994 Romanae.
939 2943 1054 3007 l'ropert
1075 2940 1118 3002 ΙΙΙ,
1133 2937 1204 3008 2,(5ι
1227 2937 1431 3005 ,Paruaqnetam

346 3011 447 3076 magnis
465 3012 594 3063 admoram
614 3014 728 3065 lontibus
748 3030 812 3076 ora,
847 3012 922 3065 Unde
941 3021 1013 3080 pater
1032 3014 1122 3062 sitiens
1145 3009 1242 3060 Ennius
1270 3017 1335 3058 ante
1353 3007 1430 3057 bibiti

347 3108 381 3119 —
401 3080 517 3150 Lbons's]
538 3084 597 3134 virle
614 3084 646 3134 ad
666 3087 711 3136 Sat
738 3083 771 3148 ΙΙ,
789 3085 815 3149 6,
834 3086 876 3136 35.
897 3114 928 3124 -
951 3083 1037 3165 siccis}
1057 3082 1142 3133 Germ.
1161 3081 1180 3142 l,
1202 3080 1243 3142 18,
1257 3078 1281 3130 3.
1306 3109 1341 3122 -
1360 3077 1429 3144 cales]

347 3155 378 3199 ut
394 3159 505 3215 praetor.
533 3154 567 3205 cl.
586 3156 638 3206 Sat
658 3155 691 3218 ΙΙ,
709 3157 735 3218 2,
754 3156 797 3206 51.
834 3156 878 3207 Sic
896 3162 967 3206 recte
984 3153 1106 3205 scribitur
1124 3167 1156 3203 ex
1175 3149 1335 3212 oodd.,—non
1354 3149 1432 3210 edint,

348 3217 391 3268 vel
410 3221 479 3288 qnod
498 3239 570 3288 unns,
583 3224 665 3280 codex
686 3225 764 3276 hebet
784 3226 871 3278 edicti.
908 3225 1123 3291 Nampronomen
1142 3222 1190 3272 boc
1213 3222 1301 3271 omnia
1321 3233 1433 3287 compre-

347 3288 438 3342 hendit
455 3308 522 3359 quae
542 3289 602 3345 suot
619 3298 644 3345 in
661 3311 757 3347 novem
778 3297 913 3358 versibus,
932 3305 958 3347 el
975 3298 1109 3347 numurus
1132 3293 1273 3345 Maecenas
1294 3292 1369 3342 docte
1390 3302 1435 3340 oon

348 3363 432 3430 magis
450 3364 587 3416 scribentis
608 3373 648 3416 est
664 3382 740 3434 quam
758 3367 924 3435 alloquentis.
944 3398 978 3408 -
999 3370 1099 3435 putere]
1121 3363 1227 3428 llartiel.
1248 3362 1269 3423 l,
1291 3362 1343 3415 29:
1363 3360 1433 3424 ,lle-

348 3441 438 3485 sterno
466 3435 565 3488 foetere
591 3452 662 3489 mero
683 3439 727 3504 qui
746 3437 829 3489 credit
846 3442 986 3500 Acerram,
1016 3436 1141 3496 Fallitur3
1171 3436 1197 3483 in
1225 3433 1314 3483 lucem
1339 3445 1434 3498 semper

349 3505 447 3556 Acerra
466 3505 554 3558 bibino
580 3538 602 3550 -
627 3513 736 3578 lectore]
758 3509 854 3560 festive
873 3508 984 3568 dictum,
1003 3523 1061 3559 nam
1081 3515 1180 3556 tutore
1200 3503 1332 3556 ablativus
1351 3503 1435 3555 ende·

350 3571 410 3626 loeo
428 3578 575 3644 ponendum
594 3588 634 3631 est
648 3595 704 3647 nno
723 3580 817 3647 reliqui
836 3580 907 3631 oultn
925 3588 997 3630 tor-oo
1016 3587 1043 3629 et
1058 3578 1122 3646 pens
1141 3576 1229 3639 nndo,·
1252 3583 1281 3626 ut
1299 3577 1322 3625 si
1342 3590 1391 3626 nos
1403 3573 1437 3622 di·

351 3661 439 3699 eamus
457 3650 523 3714 ,uod
544 3650 619 3702 llanls
638 3650 697 3702 dem
717 3650 813 3702 Weber
830 3651 917 3701 seiner
930 3651 1027 3701 kursen
1040 3648 1133 3716 rogos.
1153 3678 1188 3689 -
1206 3648 1286 3714 Rupit
1307 3641 1436 3713 iareim}

330 3716 505 3790 ‘Timagenes
524 3720 730 3786 Alexandrinus,
759 3722 846 3776 rhetor
864 3730 891 3772 ot
910 3721 1062 3784 historicus,
1090 3719 1209 3785 captivus
1228 3717 1338 3768 Romam
1356 3718 1438 3767 ductat

351 3788 379 3838 in
398 3790 516 3843 Caesonis
535 3793 670 3845 Octaviani
695 3795 804 3860 gretiam
825 3794 914 3843 venit:
942 3807 999 3843 eam
1026 3798 1112 3842 anoem
1131 3805 1189 3839 enm
1210 3787 1319 3838 licentia
1343 3784 1438 3838 dicendi

353 3861 501 3926 emisisset,
531 3861 564 3914 ob
588 3865 680 3915 Asinio
699 3863 819 3918 Pollione
837 3870 958 3929 receptus
976 3870 1025 3913 est.
1063 3861 1187 3924 Quicum
1207 3858 1269 3910 olim
1290 3859 1359 3910 inter
1380 3859 1439 3908 viros

353 3928 443 3988 doctos
463 3949 521 3986 cum
539 3937 651 3986 omnium
668 3935 795 4001 applausu
815 3934 1003 3997 declamasset,
1031 3932 1230 3982 aemulationem
1248 3931 1377 3990 excitarit
1393 3929 1440 3979 lar·

353 3998 440 4066 bitae,
471 4006 512 4055 eui
531 4004 628 4056 homini
649 4007 710 4057 item
729 4006 806 4057 docto
827 4021 858 4055 ae
877 4005 996 4067 rhetori,
1025 4011 1054 4054 ut
1072 4002 1183 4062 videtur,
1205 4003 1306 4067 ingenti
1326 4003 1439 4051 roricus

353 4067 464 4125 laterum
482 4076 626 4128 intentione
635 4076 746 4142 accidit,
766 4084 795 4128 ut
815 4085 891 4142 rupto
910 4075 1104 4141 liephrsgnne
1118 4072 1203 4126 subito
1222 4073 1329 4138 periret
1353 4071 1439 4123 lertio

352 4142 458 4196 blancus
480 4145 562 4198 luisse
579 4147 681 4199 dieitur.
1180 4171 1183 4178 ²

428 4249 459 4299 V.
481 4252 522 4302 17.
542 4252 622 4375 ciliis}
642 4255 850 4323 coniungcndnrn
868 4261 895 4305 et
915 4267 972 4303 cunt
993 4251 1130 4320 accipitet
1148 4264 1205 4300 curn
1223 4247 1359 4298 immobile.
1394 4245 1441 4296 Cin

357 4317 462 4374 tleOrut
488 4321 522 4385 ΙΙ,
541 4325 584 4387 22,
623 4326 655 4376 0:
675 4327 785 4391 „linitos
806 4327 946 4377 imitatores
962 4339 1041 4390 saepe
1059 4323 1181 4388 cognovi,
1201 4322 1246 4388 qni
1265 4327 1310 4369 sut
1330 4334 1364 4368 ca
1384 4328 1441 4384 qnae

356 4387 520 4467 lucilianum
540 4403 583 4446 erut
604 4397 679 4446 etiarn
700 4396 743 4447 illa
763 4413 830 4464 qnae
851 4396 1011 4462 insigniens
1037 4409 1120 4460 paone
1147 4394 1239 4444 vitiosa
1268 4395 1442 4441 consectantur

356 4459 504 4512 imitando.“
523 4494 557 4506 -
576 4459 714 4538 cormeum]
736 4469 801 4520 l'lin.
822 4468 852 4526 Η,
872 4467 900 4521 ΙΙ.
922 4466 977 4530 xx,
999 4463 1044 4517 li:
1062 4465 1161 4531 ,Omne
1178 4464 1309 4516 cuminum
1326 4461 1444 4529 pallore·
