<?xml version="1.0" encoding="UTF-8"?>
<!DOCTYPE html PUBLIC "-//W3C//DTD XHTML 1.0 Transitional//EN"
    "http://www.w3.org/TR/xhtml1/DTD/xhtml1-transitional.dtd">
<html xmlns="http://www.w3.org/1999/xhtml" xml:lang="en" lang="en">
 <head>
  <title>
</title>
<meta http-equiv="Content-Type" content="text/html;charset=utf-8" />
  <meta name='ocr-system' content='tesseract 3.04.00' />
  <meta name='ocr-capabilities' content='ocr_page ocr_carea ocr_par ocr_line ocrx_word'/>
</head>
<body>
  <div class='ocr_page' id='page_1' title='image "./operaomnia00dillgoog_0268.png"; bbox 0 0 3117 5042; ppageno 0'>
   <div class='ocr_carea' id='block_1_1' title="bbox 757 376 1040 443">
    <p class='ocr_par' dir='ltr' id='par_1_1' title="bbox 757 376 1040 443">
     <span class='ocr_line' id='line_1_1' title="bbox 757 376 1040 443; baseline 0.007 -2"><span class='ocrx_word' id='word_1_1' title='bbox 757 376 1040 443; x_wconf 71' lang='lat' dir='ltr'><strong>conminuit</strong></span> 
     </span>
    </p>
   </div>
   <div class='ocr_carea' id='block_1_2' title="bbox 490 555 1178 966">
    <p class='ocr_par' dir='ltr' id='par_1_2' title="bbox 490 555 1178 966">
     <span class='ocr_line' id='line_1_2' title="bbox 549 555 1178 624; baseline 0.01 -7"><span class='ocrx_word' id='word_1_2' title='bbox 549 555 670 620; x_wconf 85' lang='lat' dir='ltr'><strong>Vindex</strong></span> <span class='ocrx_word' id='word_1_3' title='bbox 691 575 809 622; x_wconf 79' lang='lat' dir='ltr'><strong>avarae</strong></span> <span class='ocrx_word' id='word_1_4' title='bbox 830 558 950 623; x_wconf 75' lang='lat' dir='ltr'><strong>itandis</strong></span> <span class='ocrx_word' id='word_1_5' title='bbox 968 566 1000 622; x_wconf 89' lang='lat' dir='ltr'><strong>et</strong></span> <span class='ocrx_word' id='word_1_6' title='bbox 1021 559 1178 624; x_wconf 81' lang='lat' dir='ltr'><strong>aintinem</strong></span> 
     </span>
     <span class='ocr_line' id='line_1_3' title="bbox 498 664 1135 749; baseline 0.011 -24"><span class='ocrx_word' id='word_1_7' title='bbox 498 704 504 713; x_wconf 85' lang='lat'><strong>·</strong></span> <span class='ocrx_word' id='word_1_8' title='bbox 550 664 698 727; x_wconf 76' lang='lat' dir='ltr'><strong>Ducentis</strong></span> <span class='ocrx_word' id='word_1_9' title='bbox 719 666 758 729; x_wconf 88' lang='lat' dir='ltr'><strong>ad</strong></span> <span class='ocrx_word' id='word_1_10' title='bbox 782 685 817 728; x_wconf 85' lang='lat' dir='ltr'><strong>sc</strong></span> <span class='ocrx_word' id='word_1_11' title='bbox 839 674 949 732; x_wconf 86' lang='lat' dir='ltr'><strong>cuncta</strong></span> <span class='ocrx_word' id='word_1_12' title='bbox 969 669 1135 749; x_wconf 83' lang='lat' dir='ltr'><strong>pecuniae,</strong></span> 
     </span>
     <span class='ocr_line' id='line_1_4' title="bbox 590 771 1053 855; baseline 0.009 -20"><span class='ocrx_word' id='word_1_13' title='bbox 590 771 765 855; x_wconf 81' lang='lat' dir='ltr'><strong>Consuique</strong></span> <span class='ocrx_word' id='word_1_14' title='bbox 787 794 849 838; x_wconf 93' lang='lat' dir='ltr'><strong>non</strong></span> <span class='ocrx_word' id='word_1_15' title='bbox 871 776 960 838; x_wconf 89' lang='lat' dir='ltr'><strong>nnius</strong></span> <span class='ocrx_word' id='word_1_16' title='bbox 980 777 1053 839; x_wconf 90' lang='lat' dir='ltr'><strong>anni</strong></span> 
     </span>
     <span class='ocr_line' id='line_1_5' title="bbox 490 880 1160 966; baseline 0.01 -27"><span class='ocrx_word' id='word_1_17' title='bbox 490 898 520 939; x_wconf 78' lang='lat' dir='ltr'><strong>uo</strong></span> <span class='ocrx_word' id='word_1_18' title='bbox 627 880 690 944; x_wconf 89' lang='lat' dir='ltr'><strong>Sed</strong></span> <span class='ocrx_word' id='word_1_19' title='bbox 711 884 831 964; x_wconf 84' lang='lat' dir='ltr'><strong>quotics</strong></span> <span class='ocrx_word' id='word_1_20' title='bbox 850 883 947 947; x_wconf 83' lang='lat' dir='ltr'><strong>ionae</strong></span> <span class='ocrx_word' id='word_1_21' title='bbox 968 889 1060 966; x_wconf 83' lang='lat' dir='ltr'><strong>atque</strong></span> <span class='ocrx_word' id='word_1_22' title='bbox 1081 885 1160 947; x_wconf 86' lang='lat' dir='ltr'><strong>iidus</strong></span> 
     </span>
    </p>
   </div>
   <div class='ocr_carea' id='block_1_3' title="bbox 546 1063 1123 1469">
    <p class='ocr_par' dir='ltr' id='par_1_3' title="bbox 546 1063 1123 1469">
     <span class='ocr_line' id='line_1_6' title="bbox 553 1063 1097 1149; baseline 0.007 -24"><span class='ocrx_word' id='word_1_23' title='bbox 553 1063 650 1129; x_wconf 84' lang='lat' dir='ltr'><strong>iudex</strong></span> <span class='ocrx_word' id='word_1_24' title='bbox 670 1064 830 1129; x_wconf 78' lang='lat' dir='ltr'><strong>honestum</strong></span> <span class='ocrx_word' id='word_1_25' title='bbox 852 1067 998 1149; x_wconf 87' lang='lat' dir='ltr'><strong>praetulit</strong></span> <span class='ocrx_word' id='word_1_26' title='bbox 1019 1067 1097 1144; x_wconf 90' lang='lat' dir='ltr'><strong>ntiii,</strong></span> 
     </span>
     <span class='ocr_line' id='line_1_7' title="bbox 546 1171 1046 1241; baseline 0.016 -8"><span class='ocrx_word' id='word_1_27' title='bbox 546 1171 663 1235; x_wconf 82' lang='lat' dir='ltr'>Reiecit</span> <span class='ocrx_word' id='word_1_28' title='bbox 685 1173 749 1236; x_wconf 88' lang='lat' dir='ltr'><strong>aito</strong></span> <span class='ocrx_word' id='word_1_29' title='bbox 773 1173 856 1237; x_wconf 91' lang='lat' dir='ltr'><strong>dona</strong></span> <span class='ocrx_word' id='word_1_30' title='bbox 874 1172 1046 1241; x_wconf 84' lang='lat' dir='ltr'><strong>nocentium</strong></span> 
     </span>
     <span class='ocr_line' id='line_1_8' title="bbox 586 1280 1123 1362; baseline 0.007 -21"><span class='ocrx_word' id='word_1_31' title='bbox 586 1280 699 1359; x_wconf 86' lang='lat' dir='ltr'><strong>Vuttu,</strong></span> <span class='ocrx_word' id='word_1_32' title='bbox 723 1299 779 1362; x_wconf 91' lang='lat' dir='ltr'><strong>per</strong></span> <span class='ocrx_word' id='word_1_33' title='bbox 800 1281 956 1345; x_wconf 77' lang='lat' dir='ltr'><strong>obstantes</strong></span> <span class='ocrx_word' id='word_1_34' title='bbox 979 1289 1123 1346; x_wconf 84' lang='lat' dir='ltr'><strong>catervas</strong></span> 
     </span>
     <span class='ocr_line' id='line_1_9' title="bbox 630 1387 1105 1469; baseline 0.011 -19"><span class='ocrx_word' id='word_1_35' title='bbox 630 1387 790 1469; x_wconf 70' lang='lat' dir='ltr'><strong>Explicuit</strong></span> <span class='ocrx_word' id='word_1_36' title='bbox 810 1408 868 1453; x_wconf 87' lang='lat' dir='ltr'><strong>sua</strong></span> <span class='ocrx_word' id='word_1_37' title='bbox 888 1389 987 1453; x_wconf 83' lang='lat' dir='ltr'><strong>victor</strong></span> <span class='ocrx_word' id='word_1_38' title='bbox 1007 1408 1105 1455; x_wconf 84' lang='lat' dir='ltr'><strong>erma.</strong></span> 
     </span>
    </p>
   </div>
   <div class='ocr_carea' id='block_1_4' title="bbox 494 1570 1140 1977">
    <p class='ocr_par' dir='ltr' id='par_1_4' title="bbox 494 1570 1140 1977">
     <span class='ocr_line' id='line_1_10' title="bbox 494 1570 1140 1651; baseline 0.011 -22"><span class='ocrx_word' id='word_1_39' title='bbox 494 1585 524 1629; x_wconf 78' lang='lat' dir='ltr'><strong>ts</strong></span> <span class='ocrx_word' id='word_1_40' title='bbox 546 1570 614 1632; x_wconf 88' lang='lat' dir='ltr'><strong>Non</strong></span> <span class='ocrx_word' id='word_1_41' title='bbox 635 1570 840 1651; x_wconf 76' lang='lat' dir='ltr'><strong>possidentem</strong></span> <span class='ocrx_word' id='word_1_42' title='bbox 861 1573 959 1636; x_wconf 88' lang='lat' dir='ltr'><strong>multa</strong></span> <span class='ocrx_word' id='word_1_43' title='bbox 979 1574 1140 1638; x_wconf 80' lang='lat' dir='ltr'><strong>vocaveris</strong></span> 
     </span>
     <span class='ocr_line' id='line_1_11' title="bbox 547 1664 1092 1765; baseline 0.009 -25"><span class='ocrx_word' id='word_1_44' title='bbox 547 1677 643 1740; x_wconf 78' lang='lat' dir='ltr'><strong>necte</strong></span> <span class='ocrx_word' id='word_1_45' title='bbox 662 1664 806 1756; x_wconf 68' lang='lat' dir='ltr'><strong>beatum</strong></span> <span class='ocrx_word' id='word_1_46' title='bbox 825 1681 940 1743; x_wconf 87' lang='lat' dir='ltr'><strong>rectius</strong></span> <span class='ocrx_word' id='word_1_47' title='bbox 962 1688 1092 1765; x_wconf 85' lang='lat' dir='ltr'><strong>occupat</strong></span> 
     </span>
     <span class='ocr_line' id='line_1_12' title="bbox 589 1786 1030 1871; baseline 0.009 -22"><span class='ocrx_word' id='word_1_48' title='bbox 589 1786 706 1849; x_wconf 84' lang='lat' dir='ltr'><strong>Nomen</strong></span> <span class='ocrx_word' id='word_1_49' title='bbox 722 1786 807 1850; x_wconf 80' lang='lat' dir='ltr'><strong>ocati</strong></span> <span class='ocrx_word' id='word_1_50' title='bbox 829 1789 880 1871; x_wconf 85' lang='lat' dir='ltr'><strong>qni</strong></span> <span class='ocrx_word' id='word_1_51' title='bbox 902 1789 1030 1853; x_wconf 86' lang='lat' dir='ltr'><strong>deorum</strong></span> 
     </span>
     <span class='ocr_line' id='line_1_13' title="bbox 632 1893 1057 1977; baseline 0.009 -21"><span class='ocrx_word' id='word_1_52' title='bbox 632 1893 812 1958; x_wconf 75' lang='lat' dir='ltr'><strong>Muneribus</strong></span> <span class='ocrx_word' id='word_1_53' title='bbox 833 1897 991 1977; x_wconf 77' lang='lat' dir='ltr'><strong>sapienter</strong></span> <span class='ocrx_word' id='word_1_54' title='bbox 1012 1897 1057 1960; x_wconf 92' lang='lat' dir='ltr'><strong>uti</strong></span> 
     </span>
    </p>
   </div>
   <div class='ocr_carea' id='block_1_5' title="bbox 503 2066 1120 2473">
    <p class='ocr_par' dir='ltr' id='par_1_5' title="bbox 503 2066 1120 2473">
     <span class='ocr_line' id='line_1_14' title="bbox 546 2066 1120 2150; baseline 0.007 -22"><span class='ocrx_word' id='word_1_55' title='bbox 546 2066 722 2149; x_wconf 74' lang='lat' dir='ltr'><strong>duramque</strong></span> <span class='ocrx_word' id='word_1_56' title='bbox 741 2068 836 2133; x_wconf 85' lang='lat' dir='ltr'><strong>callet</strong></span> <span class='ocrx_word' id='word_1_57' title='bbox 855 2069 1033 2150; x_wconf 81' lang='lat' dir='ltr'><strong>pauperiem</strong></span> <span class='ocrx_word' id='word_1_58' title='bbox 1054 2068 1120 2150; x_wconf 90' lang='lat' dir='ltr'><strong>pati</strong></span> 
     </span>
     <span class='ocr_line' id='line_1_15' title="bbox 503 2172 1086 2259; baseline 0.003 -23"><span class='ocrx_word' id='word_1_59' title='bbox 503 2191 532 2236; x_wconf 76' lang='lat' dir='ltr'><strong>ro</strong></span> <span class='ocrx_word' id='word_1_60' title='bbox 553 2172 703 2257; x_wconf 80' lang='lat' dir='ltr'><strong>Peiusqne</strong></span> <span class='ocrx_word' id='word_1_61' title='bbox 722 2175 786 2238; x_wconf 91' lang='lat' dir='ltr'><strong>leto</strong></span> <span class='ocrx_word' id='word_1_62' title='bbox 807 2175 960 2259; x_wconf 81' lang='lat' dir='ltr'><strong>flagitium</strong></span> <span class='ocrx_word' id='word_1_63' title='bbox 980 2177 1086 2254; x_wconf 84' lang='lat' dir='ltr'><strong>timet,</strong></span> 
     </span>
     <span class='ocr_line' id='line_1_16' title="bbox 590 2283 1046 2364; baseline 0.002 -19"><span class='ocrx_word' id='word_1_64' title='bbox 590 2283 659 2345; x_wconf 88' lang='lat' dir='ltr'><strong>Non</strong></span> <span class='ocrx_word' id='word_1_65' title='bbox 682 2284 738 2346; x_wconf 89' lang='lat' dir='ltr'><strong>iiie</strong></span> <span class='ocrx_word' id='word_1_66' title='bbox 758 2302 817 2364; x_wconf 92' lang='lat' dir='ltr'><strong>pro</strong></span> <span class='ocrx_word' id='word_1_67' title='bbox 839 2285 920 2346; x_wconf 87' lang='lat' dir='ltr'><strong>carie</strong></span> <span class='ocrx_word' id='word_1_68' title='bbox 941 2284 1046 2347; x_wconf 88' lang='lat' dir='ltr'><strong>amicis</strong></span> 
     </span>
     <span class='ocr_line' id='line_1_17' title="bbox 635 2391 1098 2473; baseline 0.004 -20"><span class='ocrx_word' id='word_1_69' title='bbox 635 2393 699 2454; x_wconf 85' lang='lat' dir='ltr'><strong>Ant</strong></span> <span class='ocrx_word' id='word_1_70' title='bbox 718 2392 822 2472; x_wconf 89' lang='lat' dir='ltr'><strong>patria</strong></span> <span class='ocrx_word' id='word_1_71' title='bbox 843 2391 965 2455; x_wconf 87' lang='lat' dir='ltr'><strong>timidos</strong></span> <span class='ocrx_word' id='word_1_72' title='bbox 987 2392 1098 2473; x_wconf 84' lang='lat' dir='ltr'><strong>perire.</strong></span> 
     </span>
    </p>
   </div>
   <div class='ocr_carea' id='block_1_6' title="bbox 351 2588 1430 2729">
    <p class='ocr_par' dir='ltr' id='par_1_6' title="bbox 351 2588 1430 2729">
     <span class='ocr_line' id='line_1_18' title="bbox 352 2588 1430 2665; baseline -0.002 -23"><span class='ocrx_word' id='word_1_73' title='bbox 352 2619 386 2632; x_wconf 90' lang='lat'><em>-</em></span> <span class='ocrx_word' id='word_1_74' title='bbox 402 2589 508 2665; x_wconf 63' lang='lat' dir='ltr'><strong>moda}</strong></span> <span class='ocrx_word' id='word_1_75' title='bbox 526 2588 566 2643; x_wconf 84' lang='lat' dir='ltr'><strong>De</strong></span> <span class='ocrx_word' id='word_1_76' title='bbox 584 2589 669 2641; x_wconf 82' lang='lat' dir='ltr'><strong>animo</strong></span> <span class='ocrx_word' id='word_1_77' title='bbox 687 2597 809 2659; x_wconf 88' lang='lat' dir='ltr'><strong>tanquam</strong></span> <span class='ocrx_word' id='word_1_78' title='bbox 826 2590 860 2643; x_wconf 91' lang='lat' dir='ltr'><strong>de</strong></span> <span class='ocrx_word' id='word_1_79' title='bbox 874 2605 988 2658; x_wconf 86' lang='lat' dir='ltr'><strong>persona</strong></span> <span class='ocrx_word' id='word_1_80' title='bbox 1003 2589 1133 2659; x_wconf 62' lang='lat' dir='ltr'><strong>loquium</strong></span> <span class='ocrx_word' id='word_1_81' title='bbox 1150 2590 1212 2643; x_wconf 87' lang='lat' dir='ltr'><strong>inde</strong></span> <span class='ocrx_word' id='word_1_82' title='bbox 1222 2590 1430 2657; x_wconf 78' lang='lat' dir='ltr'><strong>appellaturum-</strong></span> 
     </span>
     <span class='ocr_line' id='line_1_19' title="bbox 351 2658 1429 2729; baseline 0.002 -20"><span class='ocrx_word' id='word_1_83' title='bbox 351 2658 410 2723; x_wconf 80' lang='lat' dir='ltr'><strong>der,</strong></span> <span class='ocrx_word' id='word_1_84' title='bbox 433 2659 534 2726; x_wconf 88' lang='lat' dir='ltr'><strong>consui,</strong></span> <span class='ocrx_word' id='word_1_85' title='bbox 552 2661 638 2724; x_wconf 83' lang='lat' dir='ltr'><strong>iudex,</strong></span> <span class='ocrx_word' id='word_1_86' title='bbox 656 2662 755 2727; x_wconf 82' lang='lat' dir='ltr'><strong>victor,</strong></span> <span class='ocrx_word' id='word_1_87' title='bbox 773 2662 835 2714; x_wconf 90' lang='lat' dir='ltr'><strong>inde</strong></span> <span class='ocrx_word' id='word_1_88' title='bbox 852 2662 930 2713; x_wconf 87' lang='lat' dir='ltr'><strong>habet</strong></span> <span class='ocrx_word' id='word_1_89' title='bbox 946 2661 1045 2714; x_wconf 84' lang='lat' dir='ltr'><strong>vultum</strong></span> <span class='ocrx_word' id='word_1_90' title='bbox 1062 2669 1089 2713; x_wconf 86' lang='lat' dir='ltr'><strong>et</strong></span> <span class='ocrx_word' id='word_1_91' title='bbox 1108 2677 1185 2713; x_wconf 88' lang='lat' dir='ltr'><strong>arma.</strong></span> <span class='ocrx_word' id='word_1_92' title='bbox 1221 2660 1260 2713; x_wconf 85' lang='lat' dir='ltr'><strong>Ex</strong></span> <span class='ocrx_word' id='word_1_93' title='bbox 1277 2677 1371 2729; x_wconf 74' lang='lat' dir='ltr'><strong>magna</strong></span> <span class='ocrx_word' id='word_1_94' title='bbox 1386 2661 1429 2712; x_wconf 84' lang='lat' dir='ltr'><strong>imc</strong></span> 
     </span>
    </p>
   </div>
   <div class='ocr_carea' id='block_1_7' title="bbox 350 2729 1516 2870">
    <p class='ocr_par' dir='ltr' id='par_1_7' title="bbox 350 2729 1516 2870">
     <span class='ocr_line' id='line_1_20' title="bbox 350 2729 1516 2800; baseline 0.001 -19"><span class='ocrx_word' id='word_1_95' title='bbox 350 2729 426 2781; x_wconf 77' lang='lat' dir='ltr'><strong>tottii</strong></span> <span class='ocrx_word' id='word_1_96' title='bbox 446 2733 610 2784; x_wconf 83' lang='lat' dir='ltr'><strong>innocentiae</strong></span> <span class='ocrx_word' id='word_1_97' title='bbox 630 2740 658 2783; x_wconf 89' lang='lat' dir='ltr'><strong>et</strong></span> <span class='ocrx_word' id='word_1_98' title='bbox 674 2732 846 2784; x_wconf 75' lang='lat' dir='ltr'><strong>abstinentiae</strong></span> <span class='ocrx_word' id='word_1_99' title='bbox 864 2733 941 2784; x_wconf 85' lang='lat' dir='ltr'><strong>tande</strong></span> <span class='ocrx_word' id='word_1_100' title='bbox 958 2748 1010 2784; x_wconf 91' lang='lat' dir='ltr'><strong>non</strong></span> <span class='ocrx_word' id='word_1_101' title='bbox 1031 2734 1121 2800; x_wconf 88' lang='lat' dir='ltr'><strong>iniquo</strong></span> <span class='ocrx_word' id='word_1_102' title='bbox 1138 2733 1304 2797; x_wconf 74' lang='lat' dir='ltr'><strong>indicaveris,</strong></span> <span class='ocrx_word' id='word_1_103' title='bbox 1321 2736 1371 2783; x_wconf 88' lang='lat' dir='ltr'><strong>iam</strong></span> <span class='ocrx_word' id='word_1_104' title='bbox 1383 2741 1429 2782; x_wconf 85' lang='lat' dir='ltr'><strong>tum</strong></span> <span class='ocrx_word' id='word_1_105' title='bbox 1515 2752 1516 2759; x_wconf 48' lang='lat'>¹</span> 
     </span>
     <span class='ocr_line' id='line_1_21' title="bbox 351 2800 1516 2870; baseline 0.003 -19"><span class='ocrx_word' id='word_1_106' title='bbox 351 2801 378 2851; x_wconf 90' lang='lat' dir='ltr'><strong>in</strong></span> <span class='ocrx_word' id='word_1_107' title='bbox 397 2800 526 2854; x_wconf 84' lang='lat' dir='ltr'><strong>hominum</strong></span> <span class='ocrx_word' id='word_1_108' title='bbox 545 2803 666 2854; x_wconf 87' lang='lat' dir='ltr'><strong>invidiam</strong></span> <span class='ocrx_word' id='word_1_109' title='bbox 685 2804 791 2855; x_wconf 86' lang='lat' dir='ltr'><strong>incertis</strong></span> <span class='ocrx_word' id='word_1_110' title='bbox 810 2804 955 2856; x_wconf 87' lang='lat' dir='ltr'><strong>rumoribus</strong></span> <span class='ocrx_word' id='word_1_111' title='bbox 972 2802 1095 2855; x_wconf 87' lang='lat' dir='ltr'><strong>incidisse</strong></span> <span class='ocrx_word' id='word_1_112' title='bbox 1113 2803 1243 2867; x_wconf 65' lang='lat' dir='ltr'><strong>Lollium</strong></span> <span class='ocrx_word' id='word_1_113' title='bbox 1259 2819 1337 2870; x_wconf 89' lang='lat' dir='ltr'><strong>quam</strong></span> <span class='ocrx_word' id='word_1_114' title='bbox 1355 2803 1430 2854; x_wconf 82' lang='lat' dir='ltr'><strong>idera-</strong></span> <span class='ocrx_word' id='word_1_115' title='bbox 1515 2822 1516 2855; x_wconf 50' lang='lat' dir='ltr'><strong>t</strong></span> 
     </span>
    </p>
   </div>
   <div class='ocr_carea' id='block_1_8' title="bbox 349 2871 1437 3864">
    <p class='ocr_par' dir='ltr' id='par_1_8' title="bbox 349 2871 1437 3864">
     <span class='ocr_line' id='line_1_22' title="bbox 351 2871 1431 2941; baseline 0.001 -18"><span class='ocrx_word' id='word_1_116' title='bbox 351 2871 401 2923; x_wconf 85' lang='lat' dir='ltr'><strong>tius</strong></span> <span class='ocrx_word' id='word_1_117' title='bbox 421 2889 478 2924; x_wconf 91' lang='lat' dir='ltr'><strong>cum</strong></span> <span class='ocrx_word' id='word_1_118' title='bbox 497 2875 647 2925; x_wconf 87' lang='lat' dir='ltr'><strong>immeritam</strong></span> <span class='ocrx_word' id='word_1_119' title='bbox 665 2883 774 2941; x_wconf 87' lang='lat' dir='ltr'><strong>putaret,</strong></span> <span class='ocrx_word' id='word_1_120' title='bbox 791 2874 933 2927; x_wconf 77' lang='lat' dir='ltr'><strong>defendere</strong></span> <span class='ocrx_word' id='word_1_121' title='bbox 950 2874 982 2926; x_wconf 89' lang='lat' dir='ltr'><strong>ab</strong></span> <span class='ocrx_word' id='word_1_122' title='bbox 1000 2876 1132 2926; x_wconf 88' lang='lat' dir='ltr'><strong>innocenti</strong></span> <span class='ocrx_word' id='word_1_123' title='bbox 1145 2875 1248 2927; x_wconf 88' lang='lat' dir='ltr'><strong>homine</strong></span> <span class='ocrx_word' id='word_1_124' title='bbox 1266 2873 1377 2925; x_wconf 82' lang='lat' dir='ltr'><strong>tortasse</strong></span> <span class='ocrx_word' id='word_1_125' title='bbox 1388 2888 1431 2923; x_wconf 80' lang='lat' dir='ltr'><strong>ro-</strong></span> 
     </span>
     <span class='ocr_line' id='line_1_23' title="bbox 351 2940 1432 3014; baseline 0.002 -21"><span class='ocrx_word' id='word_1_126' title='bbox 351 2940 407 2993; x_wconf 90' lang='lat' dir='ltr'><strong>luit.</strong></span> <span class='ocrx_word' id='word_1_127' title='bbox 433 2975 468 2986; x_wconf 93' lang='lat'>-</span> <span class='ocrx_word' id='word_1_128' title='bbox 497 2950 600 3014; x_wconf 78' lang='lat' dir='ltr'><strong>cuncta]</strong></span> <span class='ocrx_word' id='word_1_129' title='bbox 629 2944 759 2997; x_wconf 83' lang='lat' dir='ltr'><strong>Pecuniae</strong></span> <span class='ocrx_word' id='word_1_130' title='bbox 788 2947 888 2997; x_wconf 87' lang='lat' dir='ltr'><strong>crimini</strong></span> <span class='ocrx_word' id='word_1_131' title='bbox 908 2945 982 2997; x_wconf 87' lang='lat' dir='ltr'><strong>datur</strong></span> <span class='ocrx_word' id='word_1_132' title='bbox 999 2945 1069 3014; x_wconf 91' lang='lat' dir='ltr'><strong>qnod</strong></span> <span class='ocrx_word' id='word_1_133' title='bbox 1087 2961 1222 2997; x_wconf 85' lang='lat' dir='ltr'><strong>avarorum</strong></span> <span class='ocrx_word' id='word_1_134' title='bbox 1240 2943 1373 2997; x_wconf 85' lang='lat' dir='ltr'><strong>hominum</strong></span> <span class='ocrx_word' id='word_1_135' title='bbox 1389 2950 1432 3007; x_wconf 86' lang='lat' dir='ltr'><strong>ert,</strong></span> 
     </span>
     <span class='ocr_line' id='line_1_24' title="bbox 351 3016 1432 3086; baseline 0.003 -22"><span class='ocrx_word' id='word_1_136' title='bbox 351 3028 459 3081; x_wconf 83' lang='lat' dir='ltr'><strong>quornm</strong></span> <span class='ocrx_word' id='word_1_137' title='bbox 480 3016 606 3082; x_wconf 86' lang='lat' dir='ltr'><strong>cupiditas</strong></span> <span class='ocrx_word' id='word_1_138' title='bbox 625 3016 890 3085; x_wconf 85' lang='lat' dir='ltr'><strong>nunquamexpletnr,</strong></span> <span class='ocrx_word' id='word_1_139' title='bbox 911 3018 997 3068; x_wconf 83' lang='lat' dir='ltr'><strong>omnia</strong></span> <span class='ocrx_word' id='word_1_140' title='bbox 1006 3016 1038 3068; x_wconf 85' lang='lat' dir='ltr'><strong>ad</strong></span> <span class='ocrx_word' id='word_1_141' title='bbox 1050 3031 1080 3068; x_wconf 86' lang='lat' dir='ltr'><strong>se</strong></span> <span class='ocrx_word' id='word_1_142' title='bbox 1090 3018 1164 3084; x_wconf 85' lang='lat' dir='ltr'><strong>rapit.</strong></span> <span class='ocrx_word' id='word_1_143' title='bbox 1174 3049 1207 3063; x_wconf 83' lang='lat'><em>-</em></span> <span class='ocrx_word' id='word_1_144' title='bbox 1223 3016 1323 3086; x_wconf 76' lang='lat' dir='ltr'><strong>consui]</strong></span> <span class='ocrx_word' id='word_1_145' title='bbox 1336 3016 1432 3069; x_wconf 84' lang='lat' dir='ltr'><strong>Consu·</strong></span> 
     </span>
     <span class='ocr_line' id='line_1_25' title="bbox 352 3081 1435 3155; baseline 0.001 -21"><span class='ocrx_word' id='word_1_146' title='bbox 352 3081 429 3148; x_wconf 91' lang='lat' dir='ltr'><strong>latus,</strong></span> <span class='ocrx_word' id='word_1_147' title='bbox 448 3101 561 3136; x_wconf 87' lang='lat' dir='ltr'><strong>summus</strong></span> <span class='ocrx_word' id='word_1_148' title='bbox 574 3087 746 3153; x_wconf 81' lang='lat' dir='ltr'><strong>magistratus,</strong></span> <span class='ocrx_word' id='word_1_149' title='bbox 765 3104 891 3139; x_wconf 87' lang='lat' dir='ltr'><strong>summum</strong></span> <span class='ocrx_word' id='word_1_150' title='bbox 904 3088 1029 3139; x_wconf 87' lang='lat' dir='ltr'><strong>honorem</strong></span> <span class='ocrx_word' id='word_1_151' title='bbox 1038 3087 1141 3151; x_wconf 85' lang='lat' dir='ltr'><strong>tribnit;</strong></span> <span class='ocrx_word' id='word_1_152' title='bbox 1160 3088 1222 3139; x_wconf 91' lang='lat' dir='ltr'><strong>dicit</strong></span> <span class='ocrx_word' id='word_1_153' title='bbox 1239 3089 1326 3155; x_wconf 78' lang='lat' dir='ltr'><strong>igitur,</strong></span> <span class='ocrx_word' id='word_1_154' title='bbox 1345 3094 1435 3138; x_wconf 87' lang='lat' dir='ltr'><strong>rectum</strong></span> 
     </span>
     <span class='ocr_line' id='line_1_26' title="bbox 351 3155 1433 3227; baseline 0.005 -24"><span class='ocrx_word' id='word_1_155' title='bbox 351 3155 462 3205; x_wconf 87' lang='lat' dir='ltr'><strong>animum</strong></span> <span class='ocrx_word' id='word_1_156' title='bbox 480 3159 636 3222; x_wconf 83' lang='lat' dir='ltr'><strong>sempiterno</strong></span> <span class='ocrx_word' id='word_1_157' title='bbox 654 3172 685 3207; x_wconf 90' lang='lat' dir='ltr'><strong>ac</strong></span> <span class='ocrx_word' id='word_1_158' title='bbox 702 3174 802 3210; x_wconf 88' lang='lat' dir='ltr'><strong>summo</strong></span> <span class='ocrx_word' id='word_1_159' title='bbox 823 3158 921 3210; x_wconf 89' lang='lat' dir='ltr'><strong>honore</strong></span> <span class='ocrx_word' id='word_1_160' title='bbox 939 3175 998 3211; x_wconf 89' lang='lat' dir='ltr'><strong>ease</strong></span> <span class='ocrx_word' id='word_1_161' title='bbox 1009 3159 1132 3227; x_wconf 58' lang='lat' dir='ltr'><strong>diganum</strong></span> <span class='ocrx_word' id='word_1_162' title='bbox 1152 3157 1184 3210; x_wconf 93' lang='lat' dir='ltr'><strong>de</strong></span> <span class='ocrx_word' id='word_1_163' title='bbox 1198 3173 1287 3227; x_wconf 86' lang='lat' dir='ltr'><strong>qnare</strong></span> <span class='ocrx_word' id='word_1_164' title='bbox 1306 3157 1339 3208; x_wconf 86' lang='lat' dir='ltr'><strong>cf.</strong></span> <span class='ocrx_word' id='word_1_165' title='bbox 1357 3158 1433 3209; x_wconf 81' lang='lat' dir='ltr'><strong>Cicer-</strong></span> 
     </span>
     <span class='ocr_line' id='line_1_27' title="bbox 350 3223 1434 3303; baseline 0.003 -29"><span class='ocrx_word' id='word_1_166' title='bbox 350 3223 426 3279; x_wconf 83' lang='lat' dir='ltr'><strong>Tusc.</strong></span> <span class='ocrx_word' id='word_1_167' title='bbox 446 3225 478 3288; x_wconf 91' lang='grc' dir='ltr'><strong>ΙΙ,</strong></span> <span class='ocrx_word' id='word_1_168' title='bbox 497 3228 538 3288; x_wconf 86' lang='grc'><strong>17,</strong></span> <span class='ocrx_word' id='word_1_169' title='bbox 555 3226 599 3278; x_wconf 79' lang='lat' dir='ltr'><strong>ot.</strong></span> <span class='ocrx_word' id='word_1_170' title='bbox 634 3226 694 3278; x_wconf 85' lang='lat' dir='ltr'><strong>Hor.</strong></span> <span class='ocrx_word' id='word_1_171' title='bbox 713 3228 797 3283; x_wconf 82' lang='lat' dir='ltr'><strong>Carra.</strong></span> <span class='ocrx_word' id='word_1_172' title='bbox 817 3228 863 3293; x_wconf 91' lang='grc' dir='ltr'>ΙΙΙ,</span> <span class='ocrx_word' id='word_1_173' title='bbox 881 3230 963 3294; x_wconf 61' lang='lat'><strong>219.</strong></span> <span class='ocrx_word' id='word_1_174' title='bbox 983 3260 1016 3274; x_wconf 92' lang='lat'><em>-</em></span> <span class='ocrx_word' id='word_1_175' title='bbox 1035 3230 1089 3281; x_wconf 80' lang='lat' dir='ltr'><strong>atto</strong></span> <span class='ocrx_word' id='word_1_176' title='bbox 1106 3228 1188 3303; x_wconf 79' lang='lat' dir='ltr'><strong>cultu]</strong></span> <span class='ocrx_word' id='word_1_177' title='bbox 1212 3243 1265 3299; x_wconf 87' lang='lat' dir='ltr'><strong>que</strong></span> <span class='ocrx_word' id='word_1_178' title='bbox 1281 3230 1309 3279; x_wconf 90' lang='lat' dir='ltr'><strong>in</strong></span> <span class='ocrx_word' id='word_1_179' title='bbox 1327 3244 1373 3289; x_wconf 79' lang='lat' dir='ltr'><strong>eas</strong></span> <span class='ocrx_word' id='word_1_180' title='bbox 1389 3243 1434 3287; x_wconf 79' lang='lat' dir='ltr'><strong>rer,</strong></span> 
     </span>
     <span class='ocr_line' id='line_1_28' title="bbox 350 3295 1433 3369; baseline 0.005 -24"><span class='ocrx_word' id='word_1_181' title='bbox 350 3308 416 3361; x_wconf 82' lang='lat' dir='ltr'><strong>quas</strong></span> <span class='ocrx_word' id='word_1_182' title='bbox 434 3298 628 3359; x_wconf 87' lang='lat' dir='ltr'><strong>contemnimus,</strong></span> <span class='ocrx_word' id='word_1_183' title='bbox 648 3297 784 3364; x_wconf 83' lang='lat' dir='ltr'><strong>despicere</strong></span> <span class='ocrx_word' id='word_1_184' title='bbox 803 3300 926 3352; x_wconf 87' lang='lat' dir='ltr'><strong>solemus.</strong></span> <span class='ocrx_word' id='word_1_185' title='bbox 950 3299 1004 3351; x_wconf 85' lang='lat' dir='ltr'><strong>Cic.</strong></span> <span class='ocrx_word' id='word_1_186' title='bbox 1022 3300 1096 3352; x_wconf 83' lang='lat' dir='ltr'><strong>Tusc.</strong></span> <span class='ocrx_word' id='word_1_187' title='bbox 1115 3300 1147 3363; x_wconf 91' lang='grc' dir='ltr'><strong>ΙΙ,</strong></span> <span class='ocrx_word' id='word_1_188' title='bbox 1158 3301 1184 3364; x_wconf 78' lang='lat' dir='ltr'><strong>i,</strong></span> <span class='ocrx_word' id='word_1_189' title='bbox 1197 3304 1236 3352; x_wconf 89' lang='grc' dir='ltr'><strong>ΙΙ.</strong></span> <span class='ocrx_word' id='word_1_190' title='bbox 1256 3330 1291 3342; x_wconf 93' lang='lat'><em>-</em></span> <span class='ocrx_word' id='word_1_191' title='bbox 1309 3295 1433 3369; x_wconf 65' lang='lat' dir='ltr'><strong>merens]</strong></span> 
     </span>
     <span class='ocr_line' id='line_1_29' title="bbox 350 3365 1435 3440; baseline 0.003 -25"><span class='ocrx_word' id='word_1_192' title='bbox 350 3365 475 3418; x_wconf 86' lang='lat' dir='ltr'><strong>maiorum</strong></span> <span class='ocrx_word' id='word_1_193' title='bbox 496 3366 626 3419; x_wconf 79' lang='lat' dir='ltr'><strong>hominurn</strong></span> <span class='ocrx_word' id='word_1_194' title='bbox 646 3377 672 3418; x_wconf 92' lang='lat' dir='ltr'><strong>et</strong></span> <span class='ocrx_word' id='word_1_195' title='bbox 690 3384 855 3437; x_wconf 85' lang='lat' dir='ltr'><strong>corrumpere</strong></span> <span class='ocrx_word' id='word_1_196' title='bbox 876 3373 1037 3423; x_wconf 88' lang='lat' dir='ltr'><strong>tentantium.</strong></span> <span class='ocrx_word' id='word_1_197' title='bbox 1056 3403 1090 3413; x_wconf 94' lang='lat'><em>-</em></span> <span class='ocrx_word' id='word_1_198' title='bbox 1109 3376 1190 3440; x_wconf 82' lang='lat' dir='ltr'><strong>recte}</strong></span> <span class='ocrx_word' id='word_1_199' title='bbox 1209 3370 1328 3422; x_wconf 84' lang='lat' dir='ltr'><strong>Notanda</strong></span> <span class='ocrx_word' id='word_1_200' title='bbox 1347 3369 1435 3437; x_wconf 76' lang='lat' dir='ltr'><strong>grada-</strong></span> 
     </span>
     <span class='ocr_line' id='line_1_30' title="bbox 351 3436 1436 3508; baseline 0.004 -23"><span class='ocrx_word' id='word_1_201' title='bbox 351 3436 388 3486; x_wconf 92' lang='lat' dir='ltr'><strong>tio</strong></span> <span class='ocrx_word' id='word_1_202' title='bbox 405 3447 492 3501; x_wconf 80' lang='lat' dir='ltr'><strong>recte,</strong></span> <span class='ocrx_word' id='word_1_203' title='bbox 510 3440 620 3503; x_wconf 71' lang='lat' dir='ltr'><strong>recum,-</strong></span> <span class='ocrx_word' id='word_1_204' title='bbox 639 3440 680 3490; x_wconf 91' lang='lat' dir='ltr'><strong>cni</strong></span> <span class='ocrx_word' id='word_1_205' title='bbox 698 3456 776 3508; x_wconf 86' lang='lat' dir='ltr'><strong>qnam</strong></span> <span class='ocrx_word' id='word_1_206' title='bbox 794 3443 846 3492; x_wconf 88' lang='lat' dir='ltr'><strong>vim</strong></span> <span class='ocrx_word' id='word_1_207' title='bbox 868 3441 994 3493; x_wconf 90' lang='lat' dir='ltr'><strong>addiderit</strong></span> <span class='ocrx_word' id='word_1_208' title='bbox 1013 3448 1090 3507; x_wconf 88' lang='lat' dir='ltr'><strong>poeta</strong></span> <span class='ocrx_word' id='word_1_209' title='bbox 1107 3441 1223 3493; x_wconf 87' lang='lat' dir='ltr'><strong>iocorum</strong></span> <span class='ocrx_word' id='word_1_210' title='bbox 1241 3456 1309 3508; x_wconf 82' lang='lat' dir='ltr'><strong>quae</strong></span> <span class='ocrx_word' id='word_1_211' title='bbox 1329 3442 1377 3493; x_wconf 86' lang='lat' dir='ltr'><strong>iila</strong></span> <span class='ocrx_word' id='word_1_212' title='bbox 1392 3455 1436 3491; x_wconf 76' lang='lat' dir='ltr'><strong>vo-</strong></span> 
     </span>
     <span class='ocr_line' id='line_1_31' title="bbox 352 3507 1436 3585; baseline 0.003 -28"><span class='ocrx_word' id='word_1_213' title='bbox 352 3507 445 3559; x_wconf 82' lang='lat' dir='ltr'><strong>cabula</strong></span> <span class='ocrx_word' id='word_1_214' title='bbox 467 3509 633 3561; x_wconf 78' lang='lat' dir='ltr'><strong>otunnernnc</strong></span> <span class='ocrx_word' id='word_1_215' title='bbox 653 3513 780 3578; x_wconf 81' lang='lat' dir='ltr'><strong>gravitate</strong></span> <span class='ocrx_word' id='word_1_216' title='bbox 802 3512 965 3563; x_wconf 77' lang='lat' dir='ltr'><strong>manifestum</strong></span> <span class='ocrx_word' id='word_1_217' title='bbox 987 3520 1035 3569; x_wconf 88' lang='lat' dir='ltr'><strong>est.</strong></span> <span class='ocrx_word' id='word_1_218' title='bbox 1063 3542 1097 3554; x_wconf 91' lang='lat'><strong>--</strong></span> <span class='ocrx_word' id='word_1_219' title='bbox 1121 3512 1205 3585; x_wconf 73' lang='lat' dir='ltr'><strong>peiren]</strong></span> <span class='ocrx_word' id='word_1_220' title='bbox 1226 3526 1273 3577; x_wconf 86' lang='lat' dir='ltr'><strong>pro</strong></span> <span class='ocrx_word' id='word_1_221' title='bbox 1290 3514 1376 3581; x_wconf 71' lang='lat' dir='ltr'><strong>napis</strong></span> <span class='ocrx_word' id='word_1_222' title='bbox 1391 3524 1436 3578; x_wconf 89' lang='lat' dir='ltr'><strong>pn-</strong></span> 
     </span>
     <span class='ocr_line' id='line_1_32' title="bbox 351 3579 1437 3655; baseline 0.004 -27"><span class='ocrx_word' id='word_1_223' title='bbox 351 3579 437 3643; x_wconf 88' lang='lat' dir='ltr'><strong>sitnm,</strong></span> <span class='ocrx_word' id='word_1_224' title='bbox 455 3580 501 3631; x_wconf 89' lang='lat' dir='ltr'><strong>sed</strong></span> <span class='ocrx_word' id='word_1_225' title='bbox 520 3581 610 3633; x_wconf 77' lang='lat' dir='ltr'><strong>fortius</strong></span> <span class='ocrx_word' id='word_1_226' title='bbox 630 3589 684 3645; x_wconf 89' lang='lat' dir='ltr'><strong>est;</strong></span> <span class='ocrx_word' id='word_1_227' title='bbox 705 3583 743 3632; x_wconf 90' lang='lat' dir='ltr'><strong>sic</strong></span> <span class='ocrx_word' id='word_1_228' title='bbox 761 3582 844 3648; x_wconf 88' lang='lat' dir='ltr'><strong>Epist.</strong></span> <span class='ocrx_word' id='word_1_229' title='bbox 865 3583 885 3645; x_wconf 89' lang='grc' dir='ltr'><strong>Ι,</strong></span> <span class='ocrx_word' id='word_1_230' title='bbox 909 3583 951 3647; x_wconf 87' lang='lat'><strong>17,</strong></span> <span class='ocrx_word' id='word_1_231' title='bbox 969 3583 1012 3636; x_wconf 83' lang='lat'><strong>30.</strong></span> <span class='ocrx_word' id='word_1_232' title='bbox 1033 3612 1065 3625; x_wconf 86' lang='lat'><em>-</em></span> <span class='ocrx_word' id='word_1_233' title='bbox 1089 3599 1144 3633; x_wconf 76' lang='lat' dir='ltr'><strong>noa</strong></span> <span class='ocrx_word' id='word_1_234' title='bbox 1162 3582 1274 3655; x_wconf 59' lang='lat' dir='ltr'><strong>amictu]</strong></span> <span class='ocrx_word' id='word_1_235' title='bbox 1296 3582 1380 3650; x_wconf 76' lang='lat' dir='ltr'><strong>figura</strong></span> <span class='ocrx_word' id='word_1_236' title='bbox 1397 3585 1437 3633; x_wconf 78' lang='lat' dir='ltr'><strong>tr·</strong></span> 
     </span>
     <span class='ocr_line' id='line_1_33' title="bbox 349 3648 1436 3723; baseline 0.005 -25"><span class='ocrx_word' id='word_1_237' title='bbox 349 3648 478 3715; x_wconf 57' lang='lat' dir='ltr'><strong>adracen</strong></span> <span class='ocrx_word' id='word_1_238' title='bbox 498 3653 663 3717; x_wconf 73' lang='lat' dir='ltr'><strong>perornari.</strong></span> <span class='ocrx_word' id='word_1_239' title='bbox 683 3652 766 3704; x_wconf 84' lang='lat' dir='ltr'><strong>Germ.</strong></span> <span class='ocrx_word' id='word_1_240' title='bbox 786 3652 829 3705; x_wconf 89' lang='grc' dir='ltr'>ΙΙΙ.</span> <span class='ocrx_word' id='word_1_241' title='bbox 851 3653 893 3718; x_wconf 84' lang='lat'><strong>19,</strong></span> <span class='ocrx_word' id='word_1_242' title='bbox 903 3656 929 3706; x_wconf 79' lang='lat'><strong>2.</strong></span> <span class='ocrx_word' id='word_1_243' title='bbox 966 3655 1022 3717; x_wconf 84' lang='lat' dir='ltr'><strong>Qua</strong></span> <span class='ocrx_word' id='word_1_244' title='bbox 1040 3654 1121 3719; x_wconf 84' lang='lat' dir='ltr'><strong>figura</strong></span> <span class='ocrx_word' id='word_1_245' title='bbox 1142 3668 1187 3705; x_wconf 86' lang='lat' dir='ltr'><strong>cnr</strong></span> <span class='ocrx_word' id='word_1_246' title='bbox 1206 3653 1230 3705; x_wconf 82' lang='lat' dir='ltr'><strong>ir.</strong></span> <span class='ocrx_word' id='word_1_247' title='bbox 1248 3653 1266 3704; x_wconf 91' lang='grc' dir='ltr'><strong>Ι.</strong></span> <span class='ocrx_word' id='word_1_248' title='bbox 1286 3663 1369 3723; x_wconf 82' lang='lat' dir='ltr'><strong>poeta</strong></span> <span class='ocrx_word' id='word_1_249' title='bbox 1381 3665 1436 3703; x_wconf 76' lang='lat' dir='ltr'><strong>nsnr</strong></span> 
     </span>
     <span class='ocr_line' id='line_1_34' title="bbox 351 3722 1436 3793; baseline 0.004 -23"><span class='ocrx_word' id='word_1_250' title='bbox 351 3722 385 3771; x_wconf 87' lang='lat' dir='ltr'><strong>ait</strong></span> <span class='ocrx_word' id='word_1_251' title='bbox 402 3724 567 3789; x_wconf 89' lang='lat' dir='ltr'><strong>perspicuum</strong></span> <span class='ocrx_word' id='word_1_252' title='bbox 586 3731 639 3785; x_wconf 87' lang='lat' dir='ltr'><strong>est;</strong></span> <span class='ocrx_word' id='word_1_253' title='bbox 658 3726 744 3790; x_wconf 82' lang='lat' dir='ltr'><strong>gravis</strong></span> <span class='ocrx_word' id='word_1_254' title='bbox 764 3724 833 3776; x_wconf 87' lang='lat' dir='ltr'><strong>euim</strong></span> <span class='ocrx_word' id='word_1_255' title='bbox 851 3726 890 3776; x_wconf 91' lang='lat' dir='ltr'><strong>sic</strong></span> <span class='ocrx_word' id='word_1_256' title='bbox 905 3732 1009 3791; x_wconf 86' lang='lat' dir='ltr'><strong>paratur</strong></span> <span class='ocrx_word' id='word_1_257' title='bbox 1027 3725 1158 3792; x_wconf 86' lang='lat' dir='ltr'><strong>oppositio</strong></span> <span class='ocrx_word' id='word_1_258' title='bbox 1177 3724 1314 3792; x_wconf 80' lang='lat' dir='ltr'><strong>quaedam.</strong></span> <span class='ocrx_word' id='word_1_259' title='bbox 1334 3725 1436 3793; x_wconf 64' lang='lat' dir='ltr'><strong>&amp;mant</strong></span> 
     </span>
     <span class='ocr_line' id='line_1_35' title="bbox 352 3793 1171 3864; baseline 0.004 -22"><span class='ocrx_word' id='word_1_260' title='bbox 352 3793 428 3847; x_wconf 87' lang='lat' dir='ltr'><strong>timet</strong></span> <span class='ocrx_word' id='word_1_261' title='bbox 446 3793 551 3864; x_wconf 90' lang='lat' dir='ltr'><strong>quidem</strong></span> <span class='ocrx_word' id='word_1_262' title='bbox 569 3794 702 3863; x_wconf 72' lang='lat' dir='ltr'><strong>flagitium,</strong></span> <span class='ocrx_word' id='word_1_263' title='bbox 722 3810 776 3848; x_wconf 87' lang='lat' dir='ltr'><strong>non</strong></span> <span class='ocrx_word' id='word_1_264' title='bbox 795 3796 868 3848; x_wconf 89' lang='lat' dir='ltr'><strong>timet</strong></span> <span class='ocrx_word' id='word_1_265' title='bbox 887 3810 934 3864; x_wconf 86' lang='lat' dir='ltr'><strong>pro</strong></span> <span class='ocrx_word' id='word_1_266' title='bbox 953 3796 1035 3863; x_wconf 87' lang='lat' dir='ltr'><strong>petria</strong></span> <span class='ocrx_word' id='word_1_267' title='bbox 1055 3802 1171 3847; x_wconf 85' lang='lat' dir='ltr'><strong>mortem.</strong></span> 
     </span>
    </p>
   </div>
   <div class='ocr_carea' id='block_1_9' title="bbox 0 0 1564 5042">
    <p class='ocr_par' dir='ltr' id='par_1_9' title="bbox 0 0 1564 5042">
     <span class='ocr_line' id='line_1_36' title="bbox 0 0 1564 5042; baseline 0 0"><span class='ocrx_word' id='word_1_268' title='bbox 0 0 1564 5042; x_wconf 95' lang='lat' dir='ltr'><strong> </strong></span> 
     </span>
    </p>
   </div>
  </div>
 </body>
</html>
