3117 5042
719 326 1000 391 cantitabat
1049 342 1052 351 ⁴

551 509 693 575 Permisit
712 515 862 590 expertus
878 509 1000 571 lidelem

597 619 735 700 luppiter
757 617 789 680 in
810 617 989 694 Ganymede
1008 614 1107 695 flavo,

316 818 388 869 lratri
408 815 523 869 bellandi
540 814 642 867 adiutor
659 816 752 867 missus
770 823 856 880 esset,
874 814 907 868 ab
923 815 1035 883 Augusti
1053 815 1182 899 prlvlpu'ls
1201 816 1343 869 eoniuncus
1361 817 1404 866 ri-

317 889 388 940 ribus
407 896 434 939 et
452 888 542 939 divisis
574 889 658 954 copiis
682 886 715 936 ad
735 901 833 937 summa
851 885 956 953 Alpium
975 888 1035 954 iuga
1053 886 1136 954 fugati
1153 888 1318 954 superatique
1336 893 1403 937 sunt.

315 960 397 1023 Quam
414 958 549 1009 victoriam
570 958 689 1008 Horatius
705 959 826 1025 Augusti,
846 965 875 1008 ut
896 956 1005 1021 videtur,
1027 958 1098 1008 iussu
1110 957 1287 1008 celebraturus
1305 959 1338 1006 ita
1350 973 1402 1007 rem

315 1030 435 1092 instituit,
456 1039 484 1079 ut
501 1029 550 1078 boe
568 1029 681 1079 carmine
695 1027 813 1092 Drusum,
833 1026 935 1079 decimo
953 1035 1044 1095 quarto
1055 1027 1183 1079 Tiberium
1197 1029 1279 1095 magis
1296 1034 1404 1091 ornaret,

317 1109 436 1152 neutrum
453 1101 480 1149 in
499 1099 581 1150 altero
599 1107 656 1150 utro
674 1098 752 1164 plane
772 1101 911 1151 omitteret.
955 1099 1018 1149 Nam
1041 1099 1068 1148 in
1096 1098 1147 1150 boc
1173 1113 1277 1167 quoque
1302 1097 1404 1161 liberii,

317 1173 366 1223 etsi
384 1185 478 1222 nomen
499 1172 556 1221 eius
574 1186 626 1221 uon
646 1172 800 1231 nominatur,
821 1177 910 1235 aperta
927 1175 1012 1220 tamen
1031 1172 1128 1220 mentio
1149 1168 1178 1219 tit
1198 1185 1223 1222 v.
1242 1169 1293 1230 28;
1313 1168 1406 1219 deiude

316 1250 388 1293 recta
405 1256 528 1293 versuum
550 1242 581 1293 17
594 1257 634 1308 sq.
659 1241 837 1307 interpretatio
857 1248 994 1306 utrumque
1014 1240 1063 1290 iam
1085 1238 1209 1307 populum
1226 1239 1362 1289 llaetomrm
1379 1247 1406 1290 et

316 1311 509 1365 vindelicorum
529 1313 626 1362 victum
643 1326 703 1361 esse
722 1312 806 1361 docet.
844 1310 917 1362 Unde
937 1310 1100 1363 manifestum
1121 1318 1177 1374 est,
1194 1317 1330 1376 utrumque
1348 1324 1405 1360 car-

317 1399 375 1435 men
397 1383 489 1434 eodem
507 1391 624 1449 tempore
643 1380 813 1447 corapositum
829 1397 894 1433 esse
915 1394 1000 1448 neque
1020 1412 1054 1422 -
1073 1381 1100 1432 id
1118 1380 1187 1449 quod
1206 1379 1250 1432 alii
1272 1380 1406 1431 voluerunt

317 1484 349 1497 -
369 1463 487 1522 quartum
506 1460 565 1519 post
586 1453 692 1520 priorum
714 1453 790 1503 llrusi
811 1453 958 1515 victoriam,
986 1461 1103 1519 quartum
1122 1452 1251 1503 decimum
1269 1465 1337 1502 anno
1356 1450 1404 1501 de-

317 1522 446 1577 mnmlll
468 1539 574 1582 reverso
593 1539 627 1575 ex
644 1521 727 1574 Gallia
745 1524 871 1591 Augusto.
906 1520 1012 1574 Tantum
1031 1530 1115 1573 unaco
1134 1522 1346 1573 histribuendum
1355 1529 1403 1581 est,

320 1604 348 1646 ut
368 1610 425 1645 eum
455 1609 558 1646 armen
582 1594 616 1645 14
638 1601 699 1660 post
723 1609 858 1645 reversum
881 1595 1026 1660 Augustum
1052 1591 1263 1657 trideibiv.8
1283 1600 1408 1662 stuperet

320 1674 462 1717 extremum
483 1679 587 1716 carmen
606 1670 696 1732 omne)
716 1667 839 1731 scriptum
860 1666 909 1728 sit,
927 1664 978 1715 boc
998 1679 1102 1732 quoque
1122 1671 1240 1732 quartum
1260 1678 1313 1714 uon
1333 1671 1407 1713 antea

320 1736 480 1788 elaboratum
499 1735 590 1787 videri.
627 1735 679 1787 Sed
698 1734 762 1786 haec
783 1736 918 1789 hactenus.
959 1735 1179 1801 Compositionem
1204 1736 1325 1785 carminis
1346 1734 1409 1785 banc

318 1823 379 1859 esse
397 1816 478 1873 puto:
500 1805 623 1871 „Qualem
641 1805 754 1873 aquilam
775 1809 907 1870 iuvenem,
924 1821 1014 1873 regern
1033 1809 1136 1869 arium,
1155 1805 1277 1856 iuvenilis
1296 1807 1369 1872 vigor
1386 1812 1412 1855 et

319 1879 416 1945 patrius
434 1879 533 1928 animus
554 1893 586 1928 ex
604 1876 665 1927 nido
686 1876 775 1943 pellit,
804 1886 832 1928 ut
853 1879 903 1928 iam
927 1890 1009 1928 vermo
1035 1885 1152 1944 ternpore
1172 1877 1234 1944 quid
1257 1875 1307 1927 alis
1329 1875 1411 1927 valeat

318 1956 415 2009 tentet,
448 1946 542 1999 deinde
569 1947 671 1998 vividus
697 1950 809 2014 impetus
832 1949 925 2000 ovibus
950 1947 1091 1999 terribilem
1110 1947 1211 1998 hostem
1230 1947 1333 2011 reddit,
1361 1955 1412 1997 tum

320 2019 453 2087 pugnandi
483 2018 609 2085 cupiditas
629 2027 655 2069 et
671 2019 785 2085 praedae
810 2034 881 2070 antor
899 2017 931 2069 ad
961 2018 1092 2070 certamen
1114 2020 1190 2069 etiam
1209 2034 1266 2068 curn
1286 2017 1412 2069 ferocibus

320 2089 449 2157 ungaribus
476 2088 616 2139 ineundum
643 2091 697 2156 agit
722 2091 762 2158 (in
781 2106 831 2157 qua
850 2106 879 2141 re
898 2090 987 2140 videas
1008 2099 1059 2140 tres
1078 2091 1155 2140 animi
1177 2096 1204 2138 et
1219 2088 1322 2139 roboris
1342 2087 1412 2156 quusi

322 2161 432 2227 gradum
463 2175 567 2226 prorsus
587 2159 773 2225 Horatianum,
788 2170 945 2229 quapropter
964 2160 1027 2211 nibil
1047 2160 1089 2211 bie
1107 2168 1135 2210 ut
1154 2160 1260 2211 Horatio
1279 2160 1410 2226 indrgnum

323 2231 503 2299 tentandum),
521 2230 598 2281 talem
618 2230 691 2281 naeu
712 2230 822 2282 Drusum
841 2234 867 2282 iu
889 2232 999 2298 Alpibus
1021 2239 1220 2298 conspexerunt,
1240 2230 1319 2281 talem
1338 2232 1411 2281 etiam

321 2301 460 2365 Vindelici,
479 2303 619 2369 antiquitus
639 2301 865 2353 bellicosissimum
878 2318 960 2369 genus
976 2302 1104 2370 nobisque
1125 2302 1156 2353 ad
1175 2302 1243 2352 bunc
1255 2301 1324 2352 diem
1334 2315 1414 2366 paene

322 2375 438 2439 ignotum
465 2373 546 2441 (bunc
565 2375 719 2423 sententiam
738 2375 825 2423 inesse
847 2383 908 2440 puto
926 2390 970 2425 vv.
991 2374 1080 2439 arcibus
1101 2405 1135 2416 -
1154 2374 1244 2424 'oannis
1263 2373 1414 2437 18-22,s

326 2444 413 2495 multis
432 2445 494 2495 viris
514 2442 597 2494 doctis
616 2443 721 2495 lloratio
742 2442 930 2514 abiudicatis),
948 2444 1069 2497 viderunt
1075 2483 1083 2508 ,
1102 2458 1211 2511 quorum
1229 2444 1354 2495 victrices
1371 2457 1414 2492 ca-

326 2523 417 2566 tervae
435 2516 600 2580 imperatoria
616 2517 712 2565 virtute
731 2517 834 2565 iuvenis
854 2515 960 2566 Romani
980 2521 1050 2583 (narn
1071 2515 1168 2567 Drusus
1188 2516 1245 2565 ba.
1265 2522 1342 2565 natus
1364 2519 1415 2564 erat

323 2601 404 2636 annos
424 2587 471 2652 25)
493 2590 629 2651 superatae
647 2594 674 2635 et
693 2587 808 2636 reiectae
828 2586 867 2655 (la.
889 2602 913 2637 e.
936 2588 1049 2638 revictae
1068 2601 1094 2636 r.
1114 2588 1161 2653 24)
1179 2592 1338 2648 senserunt,
1356 2582 1414 2652 quid

323 2658 411 2707 nativa
430 2658 511 2706 virtus
534 2654 601 2707 bene
620 2655 703 2720 culta,
733 2657 926 2725 quidAugusti
945 2659 1042 2723 patrius
1060 2659 1086 2707 in
1104 2655 1221 2707 Nerones
1239 2658 1340 2707 animus
1357 2654 1414 2705 elli·

323 2743 384 2777 cere
405 2734 517 2793 posset.“
537 2725 690 2795 (Hucusque
708 2728 790 2792 prima
809 2730 938 2778 sententia
955 2730 1048 2796 pergit.
1070 2726 1207 2778 Clauditur
1225 2728 1292 2781 ΝΒ
1311 2729 1414 2777 nominc

324 2799 449 2859 Nerones,
467 2798 558 2863 incipit
572 2798 640 2849 rw
659 2812 725 2847 voce
743 2800 841 2863 [ortem
860 2798 909 2849 boc
928 2808 1032 2867 quoque
1053 2797 1287 2848 consulto'laetum
1304 2805 1415 2863 aposta,

325 2884 383 2925 narn
394 2869 470 2919 'Nero
488 2870 514 2919 in
528 2868 622 2920 Sabina
642 2866 729 2935 lingua
739 2871 833 2935 sortem
842 2869 982 2937 significat,
1001 2870 1106 2937 „Neque
1120 2871 1203 2936 potuit
1212 2869 1289 2919 aliter
1300 2884 1343 2919 res
1356 2868 1417 2933 lieri,

323 2952 381 2989 nant
401 2938 481 2990 lortes
500 2948 619 2989 creantur
628 2939 746 3003 fortibus,
766 2936 963 3007 quaeqaebene
980 2948 1040 2991 nata
1060 2948 1119 2990 surrt
1141 2956 1171 2991 ea
1192 2948 1264 2990 recto
1283 2939 1355 2994 cuttu
1365 2954 1417 2998 ma-

327 3026 445 3076 gnopere
460 3011 537 3059 etiam
547 3019 681 3076 augentur.
706 3021 745 3075 (ν.
756 3012 870 3067 29-36.
893 3013 948 3063 llue
968 3011 1035 3062 duae
1049 3009 1171 3077 strophae
1185 3012 1303 3077 proxime
1312 3010 1416 3078 pracce-

326 3082 429 3130 dentem
442 3082 595 3130 sententiam
606 3079 674 3130 bene
695 3082 832 3133 illustrant.
869 3082 909 3133 Ab
920 3081 970 3133 boe
987 3082 1047 3133 inde
1066 3081 1124 3132 loco
1134 3076 1217 3133 altera
1228 3098 1288 3148 pars
1301 3082 1417 3133 canninis

329 3152 437 3216 incipit3
458 3164 517 3200 nam
537 3166 594 3199 eum
614 3158 673 3202 ante
694 3153 840 3216 Neronum,
868 3154 994 3220 imprimis
1013 3153 1089 3205 Drusi
1107 3154 1191 3220 gloria
1206 3147 1332 3215 effertur,
1357 3155 1418 3204 iusta

325 3222 437 3288 Augusti
446 3223 688 3273 commemoratione
699 3224 765 3275 lacta
775 3223 924 3292 adiungitur
934 3222 1046 3275 laudatio
1057 3222 1134 3275 totius
1145 3225 1273 3275 Neronum
1286 3223 1419 3290 familiae)

328 3291 396 3355 Quid
425 3290 566 3340 Romanum
594 3293 729 3359 imperinm
752 3294 899 3345 Neronibus
927 3294 1021 3345 debeat
1046 3298 1156 3345 testatur
1181 3296 1288 3346 llletauri
1319 3295 1417 3357 buaren,

328 3369 435 3413 testatur
462 3361 624 3426 Hasdrubal,
655 3373 763 3415 testatur
783 3365 830 3415 ille
849 3366 919 3428 dies,
950 3372 1001 3433 qno
1022 3367 1104 3432 primo
1123 3365 1254 3416 novalnx
1271 3365 1366 3417 oborta
1384 3373 1418 3415 est

329 3433 444 3483 Romano
463 3433 570 3495 nomini,
591 3450 623 3484 ex
644 3451 695 3502 quo
714 3436 840 3486 llannibal
859 3453 906 3503 per
924 3435 1023 3486 ltaliam
1042 3436 1176 3487 saeviebat
1186 3444 1214 3486 ut
1232 3438 1302 3504 iguis
1316 3432 1418 3488 etiem

331 3512 418 3570 pectas
444 3501 484 3563 (b.
507 3503 524 3552 l.
543 3503 731 3556 observandum
755 3522 867 3573 pugnum
894 3506 926 3557 ad
951 3508 1056 3558 Hetauri
1087 3507 1182 3558 llumen
1204 3508 1301 3574 triplici
1322 3509 1419 3558 ratium

329 3575 479 3641 significari,
496 3572 565 3637 loco,
584 3575 695 3627 bostium
714 3577 790 3639 duee,
813 3578 879 3643 die).
916 3577 962 3628 llic
983 3579 1050 3633 enim
1070 3578 1125 3629 dies
1144 3579 1272 3629 fortunam
1290 3578 1418 3629 Romano-

329 3662 384 3697 rum
404 3645 528 3707 mutavit3
562 3660 629 3713 quae
656 3647 764 3698 adversa
783 3649 884 3712 luerat,
916 3662 946 3698 ea
965 3651 1077 3715 propitia
1095 3651 1186 3700 lterum
1208 3649 1276 3701 fucta
1296 3666 1355 3700 cnm
1376 3649 1419 3699 diis

330 3716 477 3766 laventibus
497 3715 582 3780 rediit,
601 3726 629 3767 ut
647 3728 820 3785 cognosceret
837 3719 972 3782 Hannibal,
994 3721 1122 3770 occidisse
1140 3737 1187 3770 sua
1205 3728 1299 3770 astra.“
1325 3721 1419 3771 Hanni·
1508 3740 1509 3781 1

330 3786 389 3837 bale
408 3802 455 3852 per
474 3802 575 3837 omnem
593 3788 764 3840 Romanorum
791 3793 940 3841 anemurium
965 3805 1042 3841 nenio
1072 3790 1121 3841 tuit
1147 3791 1295 3844 terribilior.
1339 3791 1419 3855 Quare
1460 3786 1463 3791 ’

330 3859 397 3908 acite
414 3872 444 3907 ae
461 3859 602 3923 prudenter
620 3859 739 3910 Horatius
758 3860 839 3924 iecit,
868 3861 936 3928 quod
962 3868 1059 3912 lantum
1081 3862 1180 3912 bostem
1204 3863 1240 3912 ita
1268 3861 1372 3926 intulit,
1395 3867 1420 3911 ut

332 3927 438 3978 Romam
456 3928 563 3991 urbem,
587 3939 761 3997 quaetantos
782 3933 855 3984 cives
884 3931 966 3983 aleret
986 3941 1096 3999 quantus
1118 3941 1188 3983 esset
1207 3932 1332 3984 Claudius
1350 3933 1420 3995 Nero,

331 4014 382 4048 non
404 4012 482 4064 posse
501 3997 554 4048 ulla
571 4016 684 4068 unquam
701 3998 832 4068 potestate
854 4003 920 4053 dirui
941 4005 998 4071 ipse
1020 4003 1104 4071 palam
1122 4004 1254 4055 letaretur.
1299 4005 1357 4055 lloc
1382 4018 1420 4055 se-

331 4077 405 4119 cutus
424 4076 464 4119 est
483 4067 602 4121 Horatius
627 4073 763 4123 eonsilium
787 4075 813 4123 in
840 4073 956 4126 addenda
986 4076 1103 4125 oratione
1131 4074 1282 4127 Hannibalis
1304 4090 1318 4125 a
1337 4072 1421 4127 Peerl·
1508 4108 1509 4123 a

331 4141 436 4206 bampio
454 4141 547 4191 iniuria
571 4142 603 4192 ad
623 4143 743 4194 exsilium
768 4144 894 4195 damnata.
930 4145 1061 4212 Populus,
1089 4146 1164 4197 cuius
1191 4148 1264 4197 eires
1294 4144 1422 4197 fortissimi
1508 4178 1509 4183 ,

330 4219 399 4262 suut
412 4225 510 4275 earnes,
528 4227 664 4280 nunquam,
678 4215 798 4265 vincitur.
835 4214 873 4266 En
888 4218 1052 4279 seutentiam,
1072 4231 1140 4283 quae
1159 4217 1263 4279 fabulis,
1278 4214 1422 4276 'senter'rtira

332 4281 422 4348 liguris
442 4280 583 4333 illustratur
604 4299 634 4334 ac
655 4285 786 4352 probatur.
822 4287 943 4339 Extrema
962 4304 1067 4356 quoque
1081 4287 1190 4354 stropha
1207 4286 1360 4341 Hannibalis
1373 4293 1421 4343 esi?

331 4366 383 4401 non
402 4350 483 4403 semel
507 4351 627 4404 Horatios
654 4372 757 4406 carruca
776 4356 862 4408 subito
880 4358 983 4409 videtur
1004 4356 1087 4425 magis
1112 4357 1268 4427 abrumpere
1281 4374 1361 4430 quam
1378 4356 1423 4409 ab·

333 4423 442 4487 rumpit„
456 4421 489 4473 cl.
507 4420 590 4474 Germ.
611 4424 632 4488 l,
652 4425 693 4477 17.
717 4424 794 4493 1‚15'.
812 4427 857 4494 ΙΙΙ,
881 4432 920 4480 ll.
948 4428 995 4493 ΙΙΙ,
1013 4430 1056 4481 27.
