3117 5042
514 459 809 525 enarrarre.
1184 424 1224 523 ,ι’

120 642 293 718 doctrina
326 657 363 716 et
400 643 534 740 opibus
564 668 650 714 usus
683 667 822 736 essem,
860 643 1089 714 nominarem
1129 643 1213 716 libri

118 795 238 866 vetuit
272 793 430 865 brevitas
454 816 496 863 ac
518 805 597 864 tota
626 792 732 864 ratio.
799 790 839 862 ln
873 791 1019 889 siugulis
1056 792 1149 864 loeis
1178 807 1215 864 et

122 943 288 1014 versibus
321 938 543 1037 explicandis
575 939 649 1010 hoc
682 938 779 1011 volui
816 963 941 1011 carere
975 964 1021 1010 ne
1036 939 1040 947 ’
1056 938 1148 1037 quid
1173 964 1216 1010 ex

120 1090 279 1162 historia
314 1113 436 1161 rerum
475 1102 680 1185 gestarum,
717 1087 958 1186 geographia,
992 1088 1216 1186 mythologia

125 1241 294 1313 afferrem
322 1237 522 1337 quodiam
550 1250 679 1310 notum
704 1263 780 1310 esse
796 1236 947 1311 deberet
971 1237 1214 1310 adolescenti-

126 1391 199 1462 bus
224 1388 272 1461 ad
297 1390 453 1486 primam
479 1389 656 1486 gymnasii
678 1389 825 1460 classem
853 1385 1143 1483 ascendentibus,
1168 1413 1215 1461 ne

127 1535 223 1635 quid
245 1560 497 1633 expromerem
533 1535 635 1633 quod
661 1548 723 1607 aut
746 1549 840 1608 artes
873 1538 1128 1633 grammaticae
1153 1551 1217 1610 aut

126 1689 243 1761 lexica
276 1688 406 1782 latina,
441 1689 576 1786 quibus
610 1689 661 1759 uti
695 1687 814 1759 solent
846 1686 1038 1783 discipuli,
1066 1687 1215 1760 abunde

123 1836 368 1932 praeberent,
403 1858 450 1907 ne
480 1834 642 1932 denique
675 1836 789 1907 libros
814 1860 835 1907 a
861 1836 989 1908 notitia
1022 1836 1077 1908 vel
1110 1840 1217 1935 copia

128 1983 418 2058 adolescentium
451 1986 589 2058 alienos
615 1986 766 2058 moleste
795 2000 831 2058 et
855 1988 1065 2084 importune
1088 1988 1216 2062 lauda-

129 2161 223 2207 rem.
284 2134 520 2232 Quapropter
556 2136 619 2232 qui
646 2134 780 2207 citandi
808 2149 926 2207 essent
948 2138 1102 2209 aliorum
1128 2139 1218 2211 scri·

129 2299 280 2382 ptorurn
305 2285 399 2380 loci,
433 2286 463 2356 si
490 2310 532 2356 ex
556 2286 702 2382 Virgilio
729 2300 848 2357 essent
882 2285 1064 2384 desumpti
1089 2289 1146 2360 rel
1173 2314 1215 2360 ex

133 2432 257 2507 Ovidii
282 2433 626 2531 Metamorphoseon
661 2434 782 2526 libris,
814 2434 1013 2529 similibus,
1047 2460 1220 2508 numeros

14 2612 15 2621 ¹
134 2596 276 2654 tantum
304 2582 480 2677 indicari,
515 2583 618 2654 aliter
641 2596 745 2654 totos
761 2582 862 2653 locos
887 2584 1130 2679 apponendos
1156 2611 1220 2659 cu-

14 2776 16 2789 »
132 2732 220 2802 ravi.
270 2729 362 2801 lllud
388 2743 508 2802 autem
536 2728 679 2802 efficere
692 2731 840 2825 tentari,
865 2744 906 2802 ut
931 2757 1042 2829 quam
1064 2735 1221 2831 plurima

135 2904 363 2980 apponerem
389 2905 484 2978 quae
521 2881 782 2953 accuratiorem
815 2881 1051 2977 antiquorum
1076 2909 1222 2957 morum

136 3056 179 3103 ac
202 3031 299 3102 ritae¹
329 3029 497 3101 notitiam
528 3028 698 3101 adiurare
725 3041 787 3100 aut
807 3041 999 3125 poetarum
1024 3031 1220 3103 latinorum

16 3180 17 3227 ἶ
136 3180 333 3280 praecipue
357 3179 494 3251 Horatii
518 3203 624 3250 usum
650 3177 833 3250 scribendi
858 3172 1008 3275 possent
1033 3180 1220 3253 illustrare.

134 3333 261 3428 Neque
286 3331 439 3403 omnino
467 3343 632 3425 poteram
662 3329 795 3401 criticis
817 3330 1117 3402 annotationibus
1140 3332 1226 3403 abs-

137 3482 273 3576 tinere,
305 3503 400 3577 quae
430 3492 553 3550 tamen
587 3502 644 3549 res
668 3502 751 3549 cum
776 3474 989 3550 difficillima
1013 3478 1060 3549 sit
1083 3492 1120 3549 et
1145 3503 1225 3573 maf

136 3652 245 3726 gnam
280 3640 421 3724 partem
457 3651 477 3698 a
510 3625 647 3699 iudicio
684 3625 946 3722 discipulorum
986 3639 1151 3719 remota,
1182 3649 1227 3697 ea

137 3777 368 3876 potissimum
394 3776 560 3875 eligenda
585 3776 757 3848 constitui
783 3801 877 3871 quae
912 3789 949 3847 et
972 3774 1228 3848 adiuvantibus

139 3930 317 4029 magistris
342 3942 493 4027 possent
517 3929 563 4001 ab
586 3926 876 3999 adolescentibus
902 3925 1051 4022 intelligi
1074 3938 1111 3996 et
1124 3926 1227 3999 iuve-

138 4081 250 4155 nilem
273 4081 435 4152 animum
461 4089 633 4151 acuerent
657 4089 694 4148 et
718 4077 1010 4147 corroborarent.
1070 4072 1126 4146 nd
1150 4076 1226 4147 cal-

19 4202 24 4287 l
140 4255 222 4304 cem
245 4229 328 4301 libri
354 4226 494 4301 indices
519 4225 662 4320 adieci,
698 4225 738 4297 in
771 4227 889 4321 iisque
925 4224 1088 4322 congessi
1121 4235 1158 4294 et
1183 4247 1227 4295 ea

139 4381 291 4452 nomina
315 4403 409 4477 quae
434 4391 497 4451 aut
530 4375 629 4474 apud
653 4375 843 4448 Horatium
869 4386 931 4445 aut
955 4374 1023 4445 alia
1049 4372 1096 4445 de
1121 4395 1227 4444 causa

144 4543 260 4602 essent
290 4527 543 4602 memorabilia
581 4525 722 4599 omissis
746 4524 788 4594 iis
812 4547 905 4620 quae
941 4520 1051 4594 semel
1077 4520 1228 4592 fortasse
