3117 5042
351 414 416 475 528
843 411 991 478 nltnlt

435 591 605 674 fingentur
625 591 761 671 species,
781 597 816 652 ut
836 609 892 652 nec
911 609 966 673 pes
986 609 1043 653 uec
1063 598 1156 672 caput
1176 592 1229 654 nni

437 701 595 763 Reddatur
616 701 742 761 formae.
787 698 959 761 Pictorilrns
980 703 1073 782 atque
1089 702 1188 781 poetis

392 825 420 870 ro
443 808 599 884 Quidlibet
622 806 753 870 audendi
777 824 897 887 semper
917 806 975 869 luit
996 823 1096 889 aequa
1121 815 1268 889 potestas.

435 916 554 1005 Scimus
577 923 608 976 et
629 915 708 977 hanc
730 902 851 976 venum
875 914 1061 996 petimusque
1080 915 1251 997 damusque
1273 915 1417 993 vicissim,

437 1022 500 1085 Sed
523 1041 585 1085 nou
605 1031 638 1084 ut
658 1021 790 1102 placidis
811 1013 923 1083 coeant
942 1021 1089 1099 immitia,
1112 1041 1174 1084 uon
1195 1030 1228 1084 ut

433 1130 602 1211 Serpentes
621 1129 732 1192 avibus
754 1130 962 1211 geminentur,
983 1128 1117 1210 tigribus
1138 1127 1224 1211 agni.

433 1239 566 1318 inceptis
588 1237 738 1318 gravibus
758 1239 939 1318 plerumque
961 1244 992 1299 et
1013 1256 1128 1317 magna
1148 1238 1299 1318 protessis
1399 1225 1406 1232 ⁹

385 1363 413 1405 rs
435 1345 624 1425 Purpureus,
647 1344 710 1407 late
732 1344 782 1426 qui
806 1342 988 1424 splendeat,
1010 1363 1086 1406 unus
1110 1352 1141 1406 et
1161 1346 1243 1407 alter·

437 1453 579 1514 Arsoitur
602 1469 740 1532 psoous,
761 1469 828 1512 cum
846 1453 937 1513 lucus
961 1459 993 1512 et
1015 1468 1074 1514 ara
1096 1451 1214 1514 Dianae

434 1560 475 1621 Et
500 1559 696 1640 properantis
715 1576 815 1641 equae
837 1578 893 1638 per
915 1577 1062 1622 amoenos
1085 1559 1216 1622 ambitus
1238 1577 1331 1640 agros

434 1668 496 1732 dut
516 1668 624 1734 nonen
648 1667 785 1731 lllrenum
805 1677 868 1730 aot
882 1668 1005 1749 plovios
1023 1666 1207 1730 describitur
1228 1685 1333 1729 meos:

435 1775 498 1839 Sed
520 1794 600 1837 nune
620 1793 680 1838 non
701 1781 771 1838 erat
791 1774 839 1837 his
860 1776 955 1839 locus.
999 1775 1040 1837 Et
1060 1776 1195 1860 fortasse
1218 1794 1392 1856 cupressum

384 1900 414 1943 ro
432 1883 502 1944 Scis
523 1881 684 1959 simularc;
706 1880 777 1963 qnid
803 1882 877 1958 loc,
902 1882 929 1944 si
952 1882 1061 1945 fractis
1081 1889 1188 1945 enatat
1209 1903 1322 1965 exspes

436 1990 591 2067 Navibus,
613 2009 686 2054 aere
707 1990 781 2053 dato
801 1991 1036 2072 poi-pingitur?
1078 1992 1235 2074 Amphora
1257 1991 1357 2072 coepit

436 2101 575 2162 lustitui:
598 2105 740 2159 currente
762 2105 834 2158 rota
854 2113 910 2158 cur
928 2112 1039 2157 urceus
1059 2098 1145 2160 exiti

438 2208 575 2289 lienique
597 2207 637 2269 sit
662 2205 786 2288 quidvis
806 2204 938 2285 simplex
960 2204 1112 2268 duntaxat
1132 2213 1162 2266 et
1183 2221 1285 2268 unum.

435 2314 573 2377 Maxima
592 2332 666 2395 pars
688 2321 810 2390 vatum,
834 2321 923 2392 pater
945 2319 976 2374 et
996 2299 1122 2374 iuvenes
1144 2309 1234 2393 patre
1255 2313 1352 2396 digni,

384 2439 414 2483 as
437 2421 609 2502 liecipimur
628 2420 732 2502 specie
752 2421 850 2483 rectit
875 2420 979 2482 brevis
992 2438 1069 2481 esse
1091 2420 1209 2499 laboro,

436 2529 590 2592 Obscurus
612 2530 668 2603 llo;
689 2534 858 2591 sectantem
881 2529 963 2591 lesia
985 2519 1073 2591 nervi

434 2637 584 2699 Deliciuot
604 2637 775 2717 arluinum
795 2638 954 2717 professus
976 2635 1110 2718 grandis
1134 2641 1258 2716 turget3

436 2739 544 2826 Serpit
565 2744 647 2807 lrrrni
666 2750 754 2806 tutus
770 2744 896 2807 nimiam
914 2744 1099 2826 timidusque
1120 2739 1279 2826 procellae
1284 2765 1294 2817 ;

352 2940 456 2991 luerunt
475 2940 683 3009 (Ambeslrenif‘
711 2971 745 2984 ···
769 2941 856 3010 aspre]
877 2939 1020 2992 febrientis.
1060 2972 1094 2982 -
1127 2940 1278 3009 pictoribus]
1300 2940 1343 2991 Sic
1362 2938 1437 3005 possit

351 3012 445 3078 aliquis
466 3012 589 3063 obiicere.
610 3042 645 3054 ·-
701 3016 761 3080 pue]
783 3014 840 3063 inre
859 3014 990 3077 permissa.
1012 3042 1044 3052 —
1064 3017 1156 3063 coeant
1187 3012 1221 3061 cl.
1242 3012 1323 3076 Epist.
1335 3009 1356 3071 l,
1367 3011 1435 3072 δρᾶ.

353 3111 386 3124 -
404 3083 575 3150 geminentur}
598 3081 632 3132 ci.
678 3082 727 3150 poti
755 3082 796 3144 16,
815 3083 859 3134 30.
888 3111 922 3124 -
947 3084 1056 3150 inceptis
1075 3085 1152 3150 praei
1168 3086 1206 3150 rer]
1230 3080 1259 3132 ltr
1278 3079 1342 3131 illud
1364 3095 1437 3146 saepe

352 3151 468 3202 incidunt
487 3154 575 3203 nitiunr
596 3160 689 3218 poetae
709 3152 854 3219 splendoris
867 3152 962 3212 studio,
976 3167 1031 3220 spuo
1046 3167 1156 3217 magnae
1166 3153 1355 3217 exspectationi
1368 3166 1437 3219 quan

351 3221 495 3284 nragrrilicis
513 3219 625 3274 exordiis
643 3225 758 3275 excitare
776 3222 889 3286 sudent,
910 3223 1062 3274 satisfacere
1080 3223 1130 3273 sibi
1148 3223 1276 3274 videntur.
1322 3221 1387 3272 inde
1406 3220 1438 3284 n,

352 3293 422 3341 utin
442 3291 617 3357 digressiones
634 3308 685 3344 non
706 3308 764 3344 raro
783 3292 943 3346 deducantur
959 3293 1059 3361 vilique
1076 3295 1150 3361 quasi
1168 3294 1329 3344 vestimento
1343 3307 1438 3358 purpo-

351 3377 410 3413 reos
430 3362 554 3427 quosdam
574 3377 673 3427 pannos
691 3373 799 3414 assuant
816 3372 948 3432 totumque
975 3364 1091 3431 perdant.
1141 3363 1271 3414 Eiusmodi
1299 3377 1437 3429 munorum

351 3431 470 3499 erernpla
491 3433 616 3500 quaedam
635 3436 720 3486 statim
740 3435 923 3501 proferuntur,
955 3435 1064 3486 fortasse
1089 3451 1122 3487 ex
1141 3434 1288 3501 aequalium
1308 3442 1438 3501 poetatur

353 3503 508 3555 carminibus
526 3505 623 3570 petitn3
655 3519 713 3555 nom
730 3507 824 3572 plumeo
840 3505 960 3557 Rhesum
977 3505 1008 3556 ad
1029 3505 1131 3557 Furium
1152 3504 1302 3555 Bibaculnnr
1321 3504 1438 3555 reserere

352 3573 412 3625 dnm
433 3590 492 3626 erse
509 3590 561 3626 uon
580 3583 621 3627 est
640 3576 819 3642 improbabile.
848 3576 1172 3639 ct.Sor.1,1o‚3t.-
1202 3577 1295 3642 tismcrr
1312 3575 1436 3642 mm}

351 3644 411 3696 vide
431 3646 462 3695 sd
484 3645 569 3698 Curru.
587 3646 630 3708 IV,
649 3646 677 3710 4,
693 3647 736 3699 38.
765 3649 796 3689 -'-
827 3641 867 3698 Et
880 3650 1001 3716 tortasse}
1021 3647 1131 3710 „lrrisio
1149 3647 1256 3711 pictoris
1275 3648 1373 3711 inepti.
1398 3643 1437 3711 qni

352 3716 395 3764 six
413 3715 483 3767 aliud
508 3725 616 3767 noverat
639 3732 714 3782 quarn
738 3716 882 3783 depingere
899 3733 1059 3783 cupressum.
1104 3720 1197 3784 ltqoo
1218 3723 1277 3767 rum
1302 3716 1437 3782 naufragus

352 3785 455 3851 qnidam
476 3794 584 3851 peteret,
605 3794 634 3837 ut
650 3786 748 3837 vultum
766 3803 840 3838 sonas
860 3795 887 3837 ct
903 3789 1064 3855 mulmgiurn
1085 3791 1257 3854 exprimeret,
1274 3787 1438 3853 interrogarit

352 3870 412 3906 num
436 3871 468 3906 er
485 3871 610 3923 cupresso
630 3856 711 3908 vellet
726 3857 823 3924 aliquid
845 3860 980 3925 appingi.“
1010 3860 1104 3909 Comes.
1123 3859 1200 3924 (ἕως.
1237 3857 1386 3909 Tenendum
1403 3861 1438 3905 est

352 3934 378 3976 et
396 3927 537 3991 pictoribus
556 3937 583 3978 et
600 3930 685 3993 poetis
703 3943 775 3978 suam
794 3930 889 3995 cuique
901 3925 944 3979 ‘rei
963 3944 1023 3980 esse
1041 3928 1134 3984 locum,
1173 3928 1211 3979 lle
1230 3927 1364 3994 naunrgts
1382 3926 1437 3977 ride

351 3996 383 4046 ad
402 3995 485 4047 Cerni.
504 3997 524 4060 l,
542 3999 569 4058 5,
590 3998 630 4049 13.
659 4027 694 4040 -
730 4000 814 4065 coepit
830 4001 941 4066 ὑιιῆευι]
960 4002 1204 4062 „constructiones
1227 3998 1356 4049 Cicerone
1374 4012 1438 4048 nse·

351 4081 426 4133 quern
448 4076 569 4134 usurpata
588 4083 634 4133 pro
655 4077 745 4135 coemo
762 4078 799 4120 est
818 4070 945 4119 iestitst⁶‘
974 4069 1095 4121 Oreilins.
1135 4099 1169 4110 -
1205 4067 1358 4142 decipiatur}
1383 4068 1436 4119 Alia

351 4151 446 4198 caues;
464 4153 521 4189 nam
541 4139 634 4204 quibus
655 4139 754 4204 pulclrri
778 4141 875 4190 otveri
894 4155 986 4191 sensus
1007 4150 1061 4190 orte
1081 4148 1108 4191 et
1127 4138 1213 4190 studio
1228 4155 1279 4189 non
1291 4147 1331 4189 est
1350 4138 1437 4190 errol-

352 4215 408 4266 tus,
424 4209 443 4257 ii
462 4206 522 4259 dunr
544 4210 604 4259 vitio
623 4211 705 4259 nitore
723 4209 828 4260 student
847 4212 996 4261 nescienter
1014 4213 1040 4261 in
1059 4213 1186 4261 contraris
1205 4218 1289 4261 ruunt
1309 4242 1341 4252 -
1361 4209 1434 4276 lesia}

354 4275 483 4343 levigato,
508 4279 637 4345 expolita,
657 4279 828 4345 splendentia.
864 4281 908 4331 Sic
930 4283 1028 4349 antiqui
1056 4281 1114 4332 libri
1134 4282 1201 4333 ldSS.
1224 4289 1251 4331 et
1274 4278 1435 4329 scholiastae

352 4347 404 4398 Alii
428 4348 495 4402 mule
508 4364 540 4400 ex
564 4352 770 4416 frequentissima
785 4350 927 4406 ‚verborum
949 4353 1102 4403 confusione
1120 4351 1200 4414 lesio,
1220 4350 1315 4401 mollia.
1357 4350 1438 4402 lieret

351 4425 428 4480 poeta
446 4433 479 4468 ue
500 4420 578 4468 nimio
599 4420 711 4474 leuitatis
731 4423 899 4484 (tsro'spror)
923 4421 1009 4484 studio
1036 4426 1075 4474 vis
1093 4437 1124 4472 sc
1144 4424 1220 4487 vigor
1238 4421 1361 4472 orationis
1380 4435 1437 4486 per-

349 4483 432 4534 datur·
465 4516 497 4527 ·-
528 4490 630 4542 timidus
644 4489 789 4562 procellos]
810 4492 849 4544 lle
869 4495 987 4560 genitivo
1006 4494 1065 4546 vide
1087 4491 1119 4545 td
1139 4493 1221 4560 Epist,
1244 4493 1263 4554 l,
1286 4494 1326 4552 15,
1344 4490 1388 4545 3³.
1405 4519 1437 4531 -·
