3117 5042
380 359 444 419 att
763 356 1070 422 slTltAlttJm

462 533 598 616 Dedugit
616 533 717 598 ltlcui
737 536 852 603 luteum
873 544 983 619 ceput,
1006 537 1083 619 lpaec
1105 557 1165 619 ego
1186 539 1257 603 ludo

463 643 552 718 Quae
573 660 672 724 neqm
692 644 723 705 in
746 644 824 706 eede
844 650 953 707 sonent
973 646 1127 709 certantia
1147 646 1247 708 iudice
1266 649 1368 729 Tarpa,

462 750 527 812 Nec
546 750 676 813 redeant
696 751 805 814 lterum
827 759 919 833 elque
938 753 1048 816 iterum
1072 755 1241 834 spectanda
1260 752 1383 819 theatris.

413 874 443 917 eo
465 856 586 939 Arguta
608 858 767 920 meretrice
789 866 877 939 potes
898 846 1232 941 llavoqne'clremeta
1299 863 1307 869 “

464 964 615 1027 llludente
637 983 739 1028 senem
761 966 856 1029 comis
878 967 1004 1048 garrire
1024 968 1150 1031 lilellos

464 1071 547 1134 Unus
571 1074 732 1149 vivorum,
751 1073 910 1152 Puellarum
932 1074 1031 1138 Pollio
1050 1091 1158 1158 regum

463 1179 560 1242 Pacta
580 1180 664 1243 cauit
684 1181 762 1261 pede
785 1187 834 1245 ter
853 1199 1014 1263 percusso;
1036 1184 1118 1244 torte
1139 1202 1215 1264 epos
1236 1201 1305 1246 acer

467 1286 507 1349 ttt
527 1304 616 1350 nemo
639 1289 752 1351 Verius
766 1287 872 1367 ducit3
892 1290 985 1352 molle
1007 1298 1101 1372 etque
1122 1291 1254 1353 facetum

415 1411 446 1454 eo
468 1393 601 1477 Virgilio
623 1405 796 1461 annuerunt
818 1397 990 1478 gaudentes
1004 1414 1077 1460 rure
1098 1395 1261 1460 Camenae.

462 1500 529 1563 lloc
552 1509 630 1580 erat,
651 1510 782 1583 experto
805 1506 923 1567 frustra
941 1498 1088 1568 ‘Varrone
1109 1503 1241 1567 Atacino

463 1592 564 1691 Atque
584 1608 878 1691 quibusdamaliis,
900 1610 1008 1697 melius
1027 1609 1110 1693 quod
1133 1610 1269 1674 senuero
1290 1628 1411 1693 possen,

463 1716 629 1779 luventore
647 1716 768 1792 minor3
790 1736 889 1800 neone
909 1736 970 1801 ego
992 1718 1040 1782 illi
1060 1718 1226 1782 detrahere
1241 1706 1335 1781 ausim

462 1822 645 1886 Haerentem
666 1824 764 1906 capiti
785 1843 853 1889 mum
874 1827 971 1890 multe
991 1826 1084 1890 leude
1103 1845 1266 1890 coronam

415 1952 445 1995 eo
466 1935 507 1998 At
526 1934 592 1999 dixi
612 1933 709 1997 fluere
729 1933 811 1998 luunc
830 1935 1021 2015 lutulentum,
1045 1954 1139 2018 saepe
1161 1936 1308 1998 mentem

463 2043 557 2107 Plura
576 2042 696 2124 quidem
719 2043 859 2107 tollenda
881 2044 1100 2126 relinquendis.
1144 2044 1232 2125 Age,
1255 2061 1380 2127 quaeso,

464 2153 514 2214 'l'u
536 2149 612 2213 niiil
634 2150 666 2213 iu
687 2170 801 2233 magno
822 2151 930 2214 doctus
950 2150 1152 2234 reprehendis
1173 2150 1333 2214 llomerol
1358 2194 1362 2199 -

461 2259 512 2322 Nil
534 2259 627 2355 comis
647 2259 763 2340 tragici
783 2264 881 2323 mutat
902 2259 1039 2322 Lucilius
1059 2257 1150 2321 nent
1224 2300 1229 2307 ·

381 2397 439 2453 est,
457 2389 484 2439 in
501 2387 591 2439 eedem
609 2390 756 2441 narratione
774 2388 837 2441 belli
855 2387 947 2442 Gallici
968 2388 1065 2463 iontem
1084 2387 1168 2463 telem
1190 2387 1261 2438 duvii
1279 2387 1362 2470 litori
1374 2385 1447 2435 tereos

382 2455 1447 2597 tillutllll”inlrltltllllllttlltiilitii”militirilint

381 2599 412 2652 Α;
427 2600 455 2655 P.
476 2600 517 2653 18.
556 2632 591 2643 -
627 2601 739 2670 depingit]
761 2600 937 2652 Rarissimum-
951 2601 1001 2651 luoc
1019 2599 1192 2664 vocabulum,
1218 2600 1289 2668 qaod
1309 2595 1446 2650 hauddubie
1508 2592 1509 2607 ¹

381 2670 649 2736 reprehensionemlu
678 2671 695 2723 l.
714 2674 831 2722 continet
851 2679 879 2721 ut
898 2671 982 2722 simile
1002 2671 1286 2738 verbumrdefomore.
1326 2701 1359 2711 -
1388 2665 1445 2732 rede]

381 2741 518 2793 linearum.
536 2773 571 2783 -
592 2742 685 2810 Taepa]
707 2743 740 2792 A.
758 2742 785 2792 P.
804 2740 867 2794 38⁷.
895 2742 941 2808 Sp.
960 2743 1059 2794 llaecio
1084 2742 1183 2809 Terpno
1202 2752 1260 2806 curn
1277 2740 1335 2792 eliis
1351 2746 1448 2807 quattuor

383 2810 512 2862 iudicibus
531 2827 591 2863 cure
610 2811 703 2863 tradite
723 2821 778 2863 eret
793 2810 942 2864 ‘fabularum
973 2822 1017 2863 eut
1036 2815 1171 2864 mimorum
1191 2810 1416 2869 &iudicandorum
1435 2819 1446 2854 t

383 2882 476 2951 quibua
493 2898 561 2951 qnae
577 2898 630 2934 nou
648 2892 736 2935 essent
754 2883 871 2950 probate,
891 2884 919 2934 in
937 2899 1042 2935 scenam
1059 2899 1111 2935 non
1131 2881 1324 2935 deferebantur.

452 2971 483 3022 V.
502 2971 547 3024 40.
573 2971 696 3040 Donaque
715 2972 863 3042 Chremeta]
885 2971 1017 3023 Personae
1035 2988 1067 3023 ex
1082 2971 1179 3023 Andria
1197 2971 1365 3030 Terentinum
1380 2967 1447 3018 Delii

384 3042 453 3092 servi
473 3057 567 3093 nornen
587 3052 635 3094 eet.
671 3044 781 3111 Scripsit
812 3044 891 3112 igitur
908 3042 1056 3094 Fundanius
1072 3042 1229 3098 comoedias.
1267 3042 1302 3093 cl.
1321 3041 1364 3094 set
1389 3032 1448 3099 llil

387 3110 428 3162 19.
447 3141 480 3154 -
513 3114 591 3164 comis
607 3116 722 3183 garrire]
743 3115 823 3165 comis
842 3121 883 3165 eat
900 3111 1019 3180 lepidus,
1037 3121 1065 3163 ut
1081 3113 1132 3165 Sat.
1149 3113 1182 3178 ll,
1199 3113 1225 3177 8,
1244 3112 1291 3174 76;
1326 3124 1405 3177 neque
1419 3110 1448 3155 oti

383 3183 546 3232 accusativus
565 3181 672 3249 pluralis
691 3199 739 3250 pro
757 3192 903 3236 comerent
921 3186 1071 3247 vocativus,
1093 3182 1144 3235 sed
1162 3184 1335 3235 nominativus
1353 3196 1404 3231 cum
1418 3180 1449 3225 ln·

384 3251 483 3303 linitiuo
503 3253 708 3319 coniungeudus.
735 3255 796 3306 uide
814 3254 846 3305 ad
865 3244 949 3309 Germ.
967 3254 987 3317 Ι,
1013 3256 1036 3319 1,
1059 3253 1099 3306 18.
1122 3282 1156 3296 -
1173 3253 1267 3324 Pollio]
1286 3253 1320 3303 cl.
1340 3252 1407 3303 Germ
1424 3244 1448 3306 llo

385 3323 410 3385 1,
430 3320 456 3374 9.
492 3322 629 3374 Praeterea
646 3325 835 3377 animadvertas
853 3324 932 3376 velim
950 3332 1036 3391 aptam
1054 3322 1190 3378 verborum
1209 3325 1379 3375 varietatem:
1401 3332 1448 3386 gur-

382 3395 435 3443 rire
455 3393 623 3459 comoediam,
643 3410 738 3447 cenete
755 3395 922 3463 tragoediam,
941 3395 1037 3447 ducere
1055 3397 1130 3462 epice
1148 3396 1270 3446 carmine.
1291 3394 1326 3445 cl.
1344 3385 1448 3459 Epistll.

384 3466 408 3528 l,
426 3463 487 3516 225.
506 3495 541 3506 —
557 3468 680 3533 facetum]
699 3466 806 3530 Quintil.
825 3466 868 3530 vl,
886 3465 914 3528 3,
929 3466 981 3518 19:
1015 3504 1028 3530 „
1040 3464 1162 3517 Facetum
1178 3479 1284 3533 quoque
1301 3480 1353 3517 non
1373 3460 1448 3513 moun

382 3535 451 3585 circe
470 3534 580 3587 ridicule
600 3539 692 3605 opinor
710 3540 861 3590 consistere.
897 3532 988 3604 Neque
1010 3538 1077 3587 enim
1096 3537 1195 3588 diceret
1212 3536 1341 3600 Horatius,
1359 3536 1449 3585 feceno

383 3607 503 3658 carminis
522 3622 605 3675 genus
624 3618 713 3660 nature
733 3624 886 3675 concessum
905 3623 964 3659 esee
984 3607 1101 3675 Virgilio.
1136 3606 1244 3659 Decoris
1266 3606 1332 3657 hene
1347 3604 1419 3671 magis
1431 3603 1449 3680 tl

384 3676 504 3728 excultae
523 3679 655 3731 cuiusdam
673 3678 818 3748 elegantiae
839 3676 1040 3745 appellationem
1058 3686 1129 3747 puto.
1172 3676 1288 3746 Ideoque
1306 3679 1333 3731 ie
1351 3668 1447 3751 epistolis

386 3748 479 3799 Cicero
498 3748 564 3807 lieec
580 3750 652 3801 Bruti
671 3749 751 3801 relert
769 3748 865 3801 verbe:
896 3748 965 3813 „Nee
982 3748 1020 3799 illi
1045 3757 1106 3800 sunt
1123 3748 1204 3816 perles
1223 3748 1301 3800 faceti
1319 3763 1351 3798 ec
1369 3744 1449 3797 delion

383 3819 538 3886 ingredienti
557 3826 596 3884 (u.
618 3819 794 3889 ingrediendi)
808 3819 925 3871 mollee.“
951 3819 1032 3883 Quod*
1044 3821 1167 3870 convenit
1187 3835 1244 3870 cum
1263 3817 1310 3869 illo
1330 3817 1448 3869 montino

380 3889 457 3940 osolla
475 3898 550 3958 otpue
567 3893 679 3958 facetum
705 3891 820 3959 Virgilio.
834 3908 879 3930 ·—
902 3890 1020 3942 Varrone
1039 3890 1164 3957 Atacino]
1183 3889 1211 3941 P.
1229 3889 1364 3941 Terentius
1383 3888 1449 3939 uem,

383 3958 416 4010 ab
433 3960 515 4012 Atace
535 3968 617 4031 (nunc
636 3962 723 4030 Ande)
742 3962 918 4013 Narbonensis
938 3960 1037 4013 Galliae
1057 3961 1083 4014 ll.
1121 3958 1245 4012 Atacinus
1264 3959 1358 4024 dictus,
1377 3974 1389 4009 e
1407 3965 1449 4005 ut·

382 4028 542 4095 ott-717,
561 4031 594 4083 ed
612 4031 758 4098 exemplum
775 4031 909 4100 Apollonii
923 4033 1107 4100 Argonautica,
1128 4031 1223 4082 deinde
1242 4032 1344 4095 satiras,
1364 4028 1449 4094 elegia

383 4100 626 4170 cosmographiam,
647 4118 749 4154 carmen
766 4103 799 4154 dc
818 4103 936 4154 Caesaris
952 4103 1024 4155 bello
1040 4104 1196 4171 Aquitanico
1215 4102 1328 4168 scripsit.
1371 4099 1407 4150 Ile
1426 4105 1448 4143 ω

384 4171 491 4234 Quintil.
511 4173 542 4238 x,
563 4176 586 4238 l,
607 4175 657 4227 87:
685 4175 824 4239 ,Atacinus
843 4174 922 4225 Varro
942 4176 969 4224 iu
988 4176 1019 4224 iis
1039 4189 1088 4241 per
1105 4189 1172 4240 quae
1191 4188 1285 4223 nomen
1304 4179 1343 4223 est
1361 4180 1448 4220 assect-

384 4249 434 4307 tus,
453 4243 581 4310 interpres
602 4245 688 4310 operis
709 4243 797 4309 alieni,
811 4260 863 4294 non
875 4245 1035 4311 spernendus
1048 4244 1161 4311 quidem,
1180 4258 1268 4296 verum
1282 4243 1314 4294 ed
1325 4238 1448 4318 eugeniam
1508 4270 1509 4293 l

385 4312 532 4364 facultatem
549 4314 650 4366 dicendi
671 4330 759 4381 parurn
780 4314 923 4382 locuples!
954 4347 987 4358 -
1020 4317 1155 4366 inventore
1170 4317 1265 4384 minor]
1285 4312 1406 4365 Lucilium
1420 4319 1450 4356 lt·

385 4392 519 4434 ventorem
538 4386 633 4436 satirici
654 4387 758 4452 generis
776 4387 826 4437 dici
846 4387 940 4438 docent
957 4402 987 4437 cn
1005 4401 1073 4453 quac
1091 4385 1225 4437 adduntur.
1267 4385 1302 4436 cl.
1323 4384 1374 4454 Set,
1389 4380 1419 4439 ll.
1434 4376 1450 4434 l,

384 4452 465 4520 disq.
485 4452 568 4522 lisq.
590 4486 622 4495 —
643 4455 768 4525 tollendo]
788 4456 935 4509 recidenda.
956 4457 989 4508 cl.
1011 4457 1064 4512 Sat.
1085 4455 1150 4524 1,4,
1170 4458 1212 4508 11.
1234 4487 1269 4497 -
1299 4456 1392 4523 metus}
1412 4452 1451 4500 itt·
