3117 5042
293 485 300 489 .
391 432 735 500 dissuetum.
758 436 928 502 v.—-vll.
1130 444 1197 505 m

294 616 402 693 Qualis
424 612 598 694 byoombse
619 626 741 700 spretus
761 621 854 689 intuo
878 641 976 705 gener
1028 684 1033 693 ,

378 724 441 791 tu
461 744 535 791 acer
554 725 652 791 bostis
675 726 806 810 bupalo.

242 849 270 897 ts
291 835 341 899 dn
362 836 390 899 si
412 835 480 918 quis
503 840 574 899 atro
594 836 687 900 dente
708 834 758 900 me
777 824 939 919 petiverit,

375 943 494 1009 luultus
515 950 550 1006 ut
571 943 651 1008 llebo
674 948 774 1027 poert

547 1114 741 1126 *mn-n·-

500 1244 698 1342 Carmen
724 1251 793 1323 Vll.

296 1411 384 1488 Quo,
405 1424 465 1491 quo
488 1408 612 1473 scelesti
633 1409 749 1474 rnitist
771 1418 826 1474 eut
847 1408 903 1477 cur
921 1414 1059 1478 dexteris

379 1517 537 1599 Aptnntnr
557 1535 647 1581 enses
664 1518 805 1582 condilii

299 1626 452 1689 Parumne
473 1626 589 1708 eampis
610 1633 703 1710 atque
724 1629 866 1711 Neptuno
887 1646 983 1711 super

381 1733 495 1798 houm
515 1740 562 1796 est
585 1734 689 1798 Latini
711 1737 900 1819 sanguinisi

262 1859 277 1902 s
298 1842 367 1905 Non
390 1848 425 1903 nt
444 1841 595 1923 superbas
616 1842 741 1906 invidae
764 1845 970 1928 Karthaginis

378 1949 535 2012 Romanus
556 1968 645 2014 arces
666 1957 789 2032 urmet,

303 2057 441 2121 intactos
460 2063 515 2121 aut
532 2048 702 2145 Britannus
720 2067 756 2123 ut
773 2059 974 2129 descenderet

378 2163 479 2237 Sacra
504 2174 664 2230 catenatus
686 2167 756 2245 via,

298 2273 361 2336 Sed
382 2279 416 2335 ιιι
436 2275 604 2337 secundum
626 2284 700 2339 rota
717 2273 902 2339 Parthorum
924 2295 982 2339 sua

98 2436 212 2508 camba]
230 2432 403 2487 Archilochus
412 2443 490 2501 poeta
499 2435 655 2502 bpoamben,
673 2438 717 2505 qui
730 2436 893 2491 liliamsuam
905 2436 945 2488 llli
965 2438 1016 2489 iam
1033 2437 1190 2503 desponsam

98 2508 210 2560 daturum
231 2522 262 2559 se
282 2514 433 2575 negauerat,
451 2515 502 2557 tarn
523 2507 717 2558 contumeliosis
732 2507 850 2559 versibus
871 2509 1012 2559 insectatus
1031 2516 1099 2572 erat,
1116 2517 1145 2559 ut
1162 2515 1190 2559 ct

97 2594 167 2631 socer
189 2587 216 2631 et
233 2593 330 2645 sponsa
347 2578 517 2643 {egritudinis
542 2578 670 2629 medelam
696 2579 792 2646 laqueo
819 2587 964 2646 quaereret.
1000 2577 1082 2645 Epist.
1104 2580 1125 2643 Ι,
1147 2576 1189 2643 19,

96 2652 135 2702 25.
151 2652 188 2704 30
200 2666 242 2718 sq.
260 2680 294 2691 -
314 2649 426 2771 Reputo?
456 2648 522 2700 Plim
542 2648 574 2701 lt.
593 2647 623 2701 lt
643 2649 756 2713 XXXVI,
776 2651 810 2703 5:
836 2649 967 2716 „Bupalus
985 2658 1014 2701 et
1029 2648 1187 2701 Anthermus

97 2720 231 2773 clarissimi
251 2722 278 2770 ln
299 2734 330 2770 ea
353 2725 412 2789 (scu
424 2719 515 2789 pendi)
543 2719 652 2771 scientia
679 2719 755 2772 luere
778 2721 947 2786 Hipponactis
971 2728 1067 2786 poetae
1093 2728 1188 2783 aetate,

96 2807 167 2859 quem
195 2799 296 2843 eertum
323 2801 363 2842 est
382 2793 433 2844 tx*
447 2790 602 2857 Olympiade
618 2791 709 2843 lunae.
758 2792 914 2859 Hipponacti
933 2790 1055 2842 notabilis
1076 2790 1188 2842 ineditas

96 2863 176 2914 rnltns
196 2870 267 2923 erat;
298 2865 463 2933 quamobrem
488 2863 628 2928 imaginem
649 2864 706 2914 eius
725 2862 835 2917 lascivia
855 2866 972 2914 iocorum
989 2864 1007 2912 il
1026 2876 1187 2928 proposuere

95 2934 228 2985 ridentium
247 2932 359 2984 circulis.
411 2933 485 2997 Quod
506 2933 642 2998 Hipponax
663 2934 811 3001 indignatus
832 2932 1027 2984 amaritudinem
1046 2934 1187 2984 carminum

96 3003 228 3057 destrinxit
246 3007 271 3055 in
290 3013 404 3070 mutum,
422 3013 459 3056 ‚ut
477 3004 596 3055 credatur
605 3005 739 3074 aliquibus
753 3005 789 3056 'ad
812 3004 933 3073 laqueum
956 3019 1002 3057 eos
1020 3001 1188 3072 compulisse,

94 3076 271 3142 quodfalsum
291 3083 355 3143 est?

477 3140 479 3143 v
522 3184 677 3237 Carmen
697 3184 754 3237 vll.

161 3288 228 3341 Cum
247 3288 328 3339 civile
345 3286 442 3343 bellum
460 3287 693 3354 circompositum
713 3291 805 3341 iterum
827 3305 964 3357 erumpere
983 3289 1125 3353 videretur,
1144 3288 1186 3339 la·
1281 3341 1283 3346 .

95 3357 167 3410 talem
186 3367 284 3411 sortem
311 3359 412 3426 imperii
431 3358 539 3410 Romani
557 3361 724 3426 conqueritur
742 3369 838 3427 poeta,
858 3377 909 3429 qua
930 3360 999 3429 quod
1018 3360 1106 3413 scelus
1124 3360 1188 3411 olim

93 3428 170 3480 llemo
199 3430 340 3482 interiecto
370 3428 495 3480 Romulus
532 3432 698 3495 concepisset
721 3434 911 3484 cruentissimis
938 3431 1015 3483 bellis
1040 3433 1188 3497 mutuisque

93 3499 207 3553 cladibus
235 3500 309 3552 luere
333 3500 459 3551 deberent
478 3502 584 3567 posteri.
634 3498 702 3551 lllud
721 3499 825 3568 quidem
844 3516 858 3551 a
878 3504 959 3568 prima
988 3501 1059 3551 urbis
1085 3503 1188 3567 origine

94 3571 188 3623 civitati
210 3574 285 3640 qnasi
304 3571 422 3622 naturale
441 3579 467 3621 et
486 3573 589 3621 insitum
609 3570 695 3621 scelus
714 3580 742 3621 ut
759 3573 842 3639 primo
856 3576 940 3625 statim
953 3587 1030 3623 versu
1043 3586 1095 3621 nno
1106 3572 1187 3621 verbo

92 3640 295 3705 designaturus
316 3650 433 3695 extremo
461 3643 575 3692 carmine
602 3640 685 3707 palam
711 3644 898 3707 pronuntiatur.
946 3642 1074 3708 Scriptum
1102 3647 1187 3692 autem

93 3727 194 3767 minen
217 3714 321 3765 videtur
340 3715 442 3764 oriente
461 3711 532 3764 bello
551 3712 675 3764 Perusino
696 3726 719 3762 a.
742 3712 802 3771 713.
959 3718 963 3723 '

175 3817 312 3891 optantur]
349 3817 490 3885 Eleganter
506 3833 571 3883 pro:
602 3815 683 3884 gladii
700 3817 880 3883 stringuntur,
902 3814 1052 3866 educuntur.
1073 3813 1186 3866 atses.

92 3886 179 3954 bssam
197 3892 268 3941 425:
286 3887 341 3953 „Aa
361 3889 486 3944 militares
504 3903 590 3939 remus
611 3893 841 3954 aptaturmanus.“
861 3917 890 3929 -
913 3885 1043 3956 Neptuno}
1067 3900 1113 3951 per
1131 3900 1188 3935 me.
1276 3924 1284 3930 .

93 3961 233 4023 lonymiam
253 3975 302 4026 pro
320 3961 396 4011 mori.
442 3958 482 4010 lio
508 3960 708 4025 praepositionis
729 3957 885 4024 anastrophe
902 3956 962 4008 uide
984 3956 1016 4005 ud
1038 3956 1119 4006 Curru.
1140 3952 1188 4019 lll,

91 4027 117 4090 3,
136 4033 177 4081 lt.
199 4061 231 4071 -
251 4034 316 4099 aon]
337 4030 409 4083 lusto
427 4030 478 4081 hoc
497 4032 611 4095 positum
628 4029 755 4081 brevitate
776 4044 843 4096 pror
862 4025 947 4095 „quod
965 4024 1068 4093 quidem
1078 4040 1132 4077 non
1146 4033 1187 4077 est

91 4097 196 4165 laetum,
213 4108 242 4152 nt
260 4109 328 4151 cot.“
343 4132 378 4142 -
396 4101 512 4170 invidus]
531 4098 593 4154 Sall.
614 4100 670 4152 Cat.
686 4099 727 4153 10.
740 4130 773 4143 -·
795 4101 881 4157 Socra
898 4100 943 4149 sio
975 4096 1034 4149 uide
1054 4096 1086 4148 ad
1103 4094 1187 4162 Epod.
1215 4094 1225 4109 ⁶

91 4168 117 4231 l,
136 4172 170 4222 7:
198 4165 251 4237 „Ex
269 4179 343 4237 porta
361 4171 518 4239 Triumphali
539 4186 585 4236 per
603 4171 728 4238 Campum
747 4171 881 4233 Martium,
899 4168 1054 4226 Vaabruru,
1083 4166 1187 4219 Circum

90 4243 225 4295 maximum
246 4250 273 4293 et
291 4258 343 4310 qua
362 4258 431 4293 nunc
450 4252 490 4294 est
508 4257 583 4292 arcus
603 4242 764 4293 Constantini
784 4242 828 4309 qni
850 4239 1040 4304 triumphabant
1057 4238 1118 4289 inde
1139 4252 1186 4303 per

90 4309 154 4362 banc
171 4316 240 4364 viam
265 4312 443 4380 procedebant
470 4328 554 4381 usquc
577 4313 608 4364 ad
634 4313 720 4364 locam
744 4327 820 4362 arcus
839 4310 956 4378 Septimii
978 4310 1068 4362 Seueri
1081 4345 1088 4369 ‚
1101 4340 1104 4345 -
1118 4305 1188 4357 unde

90 4385 182 4447 captivi
207 4384 403 4437 dimittebantur
429 4382 462 4437 ad
495 4384 626 4436 dertosam
649 4386 675 4435 iu
701 4385 845 4450 proximum
869 4396 1000 4435 carcerem
1026 4378 1187 4441 Tullianum3

90 4455 276 4523 triumphantes
295 4471 344 4525 per
372 4454 468 4509 clivum
492 4454 666 4523 Capitolinum
687 4452 720 4505 ad
738 4454 840 4507 laeuam
859 4450 1034 4505 ascendebant
1055 4450 1086 4503 ad
1104 4447 1186 4515 Cupi·
1263 4508 1268 4517 ρ

93 4523 204 4580 toliuru.l
227 4527 291 4583 Fen.
314 4556 355 4597 -‚
367 4526 537 4597 Parthorum]
558 4527 603 4594 qui
621 4527 732 4579 marimo
752 4524 884 4591 metuendi
903 4522 1119 4590 iniustissimique
1136 4518 1186 4573 ba·
