3117 5042
378 404 445 465 349
777 395 1079 459 stuttttttttttt

464 581 541 645 lium
559 580 682 647 damna
701 581 767 644 sine
790 581 882 644 tbura
903 579 1072 662 liquescere
1092 577 1196 641 limine
1215 595 1302 641 secra

400 708 444 751 ron
466 689 654 783 Persuadere
678 689 769 770 cupit.
813 652 930 781 Credat
949 687 1080 757 indueus
1101 685 1224 768 Apella,

458 801 526 861 Non
549 817 629 879 ιω
650 816 779 880 usuque
802 798 876 861 dces
895 796 987 861 didici
1010 814 1151 883 semorum
1171 813 1267 885 agere
1286 810 1389 866 seven,

456 888 519 970 Nec
542 907 568 970 si
590 907 662 989 qaid
684 906 753 971 miri
778 906 874 970 iaciat
888 914 1019 981 nutura,
1044 904 1118 967 deos
1142 904 1173 968 id
1213 990 1215 995 4

460 1016 581 1079 Tristes
605 1033 644 1079 ex
666 1015 733 1079 elie
752 1010 830 1094 teeti
851 1014 1011 1077 demittere
1031 1020 1122 1075 tector

456 1122 658 1187 Brundusium
678 1124 796 1203 longae
809 1123 879 1185 linis
900 1121 1091 1203 clariaeque
1107 1120 1238 1201 viaeque
1258 1125 1310 1181 ost.
1351 1146 1357 1151 ·
1423 1112 1427 1119 ’

684 1616 688 1627 ·
790 1591 955 1662 Sd'tira
982 1590 1041 1662 tlt.

460 1757 543 1833 Non,
566 1758 654 1840 quia,
675 1757 859 1835 Maecenas,
883 1757 1036 1835 Lydorum
1058 1709 1206 1842 quidquid
1231 1759 1368 1847 litmseos

458 1865 589 1929 lncoluit
610 1868 703 1943 ines,
723 1885 812 1943 nernp
832 1867 1013 1948 generosior
1033 1874 1081 1929 est
1102 1875 1153 1946 tc,

457 1973 520 2034 Nee
542 1974 620 2055 qaod
644 1993 724 2038 avus
744 1975 802 2053 tibi
822 1982 981 2045 mrttcrnus
999 1975 1057 2038 luit
1079 1983 1171 2058 atque
1192 1982 1336 2057 paternus

374 2172 491 2238 protinus
509 2171 633 2223 llammam
652 2175 787 2224 existere&
808 2203 843 2214 -
863 2169 974 2229 induens
994 2172 1097 2246 Apelle]
1114 2171 1211 2245 ilpella
1228 2172 1339 2224 libertini
1355 2181 1435 2221 nomer.

375 2242 477 2294 ludaeis
494 2240 527 2294 ab
549 2244 669 2310 Angusto
686 2258 840 2295 concessum
858 2251 898 2295 est
915 2252 944 2294 ιιι
970 2245 1007 2295 in
1020 2246 1129 2310 replens
1153 2243 1341 2296 Transtiberina
1357 2238 1435 2293 liabita-

374 2323 439 2377 rent,
460 2344 493 2355 -
512 2315 695 2385 ememtes]
712 2314 744 2366 ab
761 2314 873 2391 Egnatia
892 2314 1108 2368 distsbst‘llLlV.
1126 2315 1160 2368 ll.
1177 2315 1204 2369 P.

717 2488 721 2495 ,
773 2458 775 2465 ⁴
812 2437 941 2490 Satira
974 2436 1015 2493 ill.

448 2540 498 2605 Qui
518 2548 588 2591 recte
607 2543 732 2593 rabonem
752 2540 966 2605 consideraverit,
982 2557 1035 2609 qua
1055 2550 1131 2608 poeta
1149 2542 1241 2593 satiras
1260 2557 1319 2594 suas
1335 2539 1441 2603 britiipst

378 2610 472 2662 dixerit
490 2612 541 2664 Sat
561 2611 581 2675 l,
601 2611 627 2676 tl,
648 2611 806 2678 lat-139,
834 2614 858 2663 is
883 2628 934 2664 non
962 2612 1095 2665 mirabitur
1116 2611 1223 2664 alteram
1243 2630 1276 2664 cr
1293 2612 1370 2663 alters
1385 2607 1442 2676 quui

378 2685 467 2741 nasci„
497 2683 540 2734 Sic
557 2682 622 2733 baec
637 2691 710 2734 sexta
732 2698 764 2735 es
786 2684 875 2752 quinta
895 2691 950 2735 orta
969 2683 1079 2734 videtur.
1125 2683 1163 2735 llti
1184 2685 1254 2735 enim
1273 2700 1329 2735 cum
1346 2682 1442 2732 comitem

378 2758 408 2805 se
428 2762 454 2804 ot
466 2756 642 2805 convictorem
662 2754 819 2806 llaeccnatis
837 2754 942 2820 publico
960 2756 1155 2822 proposuisset,
1178 2756 1273 2806 iterum
1292 2761 1402 2822 expertus
1416 2755 1445 2801 cti

379 2824 447 2892 qued
466 2823 526 2876 olim
544 2827 570 2875 ln
587 2825 650 2877 Asia
668 2833 694 2876 et
713 2824 822 2877 Graecia
840 2841 898 2878 eam
915 2825 1032 2877 tribunus
1051 2825 1148 2893 legioni
1166 2835 1320 2893 praeesset,
1347 2822 1445 2875 inridlsn

381 2895 498 2947 homines
526 2903 598 2946 recte
623 2895 656 2947 de
680 2894 738 2947 aliis
757 2894 873 2947 iudicare
893 2912 944 2948 non
965 2899 1036 2963 pati,
1068 2895 1186 2965 plurimis
1205 2913 1252 2948 eos
1274 2899 1349 2964 quia
1366 2892 1445 2961 magnis

379 2968 442 3018 viris
461 2967 631 3033 diligerentur
656 2968 797 3034 magnique
824 2966 981 3019 haberentur
1007 2969 1167 3035 importunos
1184 2968 1271 3019 rideri
1288 2984 1319 3019 ae
1336 2963 1447 3034 superbuit

270 3080 272 3085 ,
381 3039 425 3105 qui
443 3047 579 3105 parentum
597 3046 623 3088 et
640 3039 801 3089 condicionis
822 3052 872 3106 qna
890 3046 978 3091 essent
996 3039 1049 3089 nati
1069 3038 1141 3103 obliti
1161 3054 1254 3107 magna
1276 3035 1448 3108 captsressde·

380 3116 446 3160 rent.
483 3107 536 3160 lam
557 3108 618 3176 quid
639 3110 695 3175 ipse
716 3109 765 3160 sibl
784 3109 816 3160 de
834 3110 884 3159 bae
901 3126 930 3161 re
948 3112 1112 3177 persuaserit,
1129 3113 1243 3181 ingenue
1259 3110 1311 3162 lise
1323 3111 1449 3175 satiarit·

381 3179 476 3239 litetur.
505 3179 606 3230 Etenim
626 3180 740 3242 „etiamsi
761 3189 797 3245 tu,
814 3182 908 3248 inquit,
927 3180 1199 3242 blaecbnestbomines
1216 3197 1270 3233 non
1290 3174 1450 3233 maiorimsed

381 3265 428 3300 sua
448 3249 573 3316 dignitate
597 3258 668 3303 recte
687 3251 757 3302 soles
775 3250 907 3317 iudicare,
952 3252 1045 3320 epulus
1064 3262 1147 3305 tamen
1167 3269 1248 3321 genus
1269 3262 1297 3306 et
1315 3251 1450 3305 nobilitatem

381 3321 490 3371 marinae
508 3328 625 3387 spectat3
653 3336 733 3388 quare
749 3321 821 3374 stulti
842 3330 882 3375 cst
899 3322 934 3373 lllr
955 3340 1014 3376 sese
1034 3325 1131 3376 inferre
1157 3324 1201 3375 ubi
1226 3327 1340 3394 quisque
1358 3322 1451 3374 alienon
1508 3330 1509 3343 ¹

381 3393 529 3458 perspiciat
567 3390 719 3458 Exemplum
742 3392 852 3460 praebet
869 3389 986 3460 Tillius?
1005 3397 1049 3463 qui
1069 3412 1125 3449 cum
1142 3395 1264 3447 omnibns
1277 3399 1327 3453 sui
1345 3391 1451 3446 similibus

382 3465 497 3530 iniquum
516 3460 608 3531 populi
626 3462 750 3515 iudicium
768 3467 825 3534 lpse
841 3474 967 3532 provocut
984 3481 1069 3533 neque
1087 3466 1194 3519 aliorum
1213 3483 1243 3519 se
1261 3466 1380 3534 exemplo
1394 3469 1450 3514 rectt

381 3542 468 3601 potest
486 3549 622 3609 ercusme
638 3540 676 3603 (v.
693 3536 766 3604 44)·“
813 3534 885 3588 llanc
913 3536 1061 3607 generalem
1091 3539 1243 3590 sententiam
1268 3538 1351 3590 altera
1375 3530 1452 3586 terto

380 3614 454 3674 parte
473 3605 504 3656 ad
522 3621 551 3658 se
571 3605 683 3658 adhibet.
720 3607 850 3659 Immerito
870 3623 899 3659 se
920 3610 956 3658 ait
973 3608 1070 3659 invidia
1088 3608 1219 3661 bominum
1231 3612 1314 3677 carpi,
1333 3622 1396 3660 nnnc
1407 3617 1451 3655 nt·

380 3679 450 3729 xime
466 3693 523 3728 curn
541 3676 682 3729 blaecenati
711 3693 771 3731 sese
791 3694 842 3730 non
868 3694 979 3746 unquam
1009 3679 1153 3732 obtruderit
1170 3683 1228 3748 ipse
1249 3681 1300 3732 'sed
1327 3678 1359 3731 ab
1378 3673 1450 3728 sinlei·

381 3748 574 3800 commendatus
602 3757 708 3817 propter
738 3750 846 3802 virtutes
871 3752 1000 3817 placuerit
1029 3759 1188 3803 ervocatus
1221 3754 1326 3815 venerit
1355 3759 1389 3813 (v.
1405 3746 1451 3809 fill·
1508 3776 1509 3797 ι

383 3820 451 3883 Quas
469 3822 578 3870 virtutes
595 3835 653 3871 cum
674 3822 754 3887 patris
772 3823 882 3888 sapienti
902 3821 1048 3873 educationi
1066 3821 1162 3874 debeat
1178 3828 1209 3892 (v
1226 3824 1285 3893 88),
1305 3831 1398 3874 sermm
1413 3816 1451 3867 ab·
1508 3834 1509 3875 ῖ

382 3906 457 3955 esse,
486 3899 514 3941 ut
537 3900 671 3958 perentam
697 3907 726 3942 se
744 3892 858 3960 pudeat,
887 3901 916 3943 ιιι
931 3908 966 3944 ne
985 3892 1388 3962 nobilestmosputtcmcemn
1404 3887 1451 3938 ¹⁰⁰⁰
1508 3904 1509 3945 ἶ

382 3963 503 4026 accipere
519 3961 592 4013 velit.
640 3961 779 4014 Nobilitate
798 3964 866 4015 enim
884 3962 989 4031 generis
1008 3964 1071 4015 nihil
1091 3982 1158 4017 nunc
1179 3966 1247 4017 ellici
1268 3966 1319 4017 nisi
1338 3960 1450 4015 notens

382 4040 518 4096 etseras,
548 4047 635 4084 veram
654 4032 799 4086 libertatem
819 4049 871 4085 nen
889 4037 978 4102 angeri
1005 4036 1051 4087 scd
1079 4038 1211 4099 imminui3
1241 4052 1312 4088 nuuc
1334 4051 1363 4086 se
1381 4030 1450 4100 partit
1508 4052 1509 4093 3

380 4103 531 4171 parentibus
550 4104 731 4161 ertummalto
748 4108 841 4156 vivere
857 4105 960 4157 felicius
971 4114 1005 4157 'et
1023 4107 1129 4159 liberius'
1149 4125 1224 4177 quam
1243 4108 1309 4161 alme
1327 4100 1450 4176 perurullt⁸
1508 4094 1509 4139 l

382 4174 550 4226 nobilissimis
569 4175 708 4227 maioribus
727 4179 854 4239 immerite
872 4177 1052 4244 superbientes

451 4279 481 4331 v.
502 4280 524 4330 1.
546 4280 697 4351 uncam]
716 4280 776 4333 vus
794 4281 826 4333 ιι
844 4280 928 4337 carm.
946 4283 967 4347 ι,
990 4285 1013 4349 1,
1032 4289 1055 4335 t.
1077 4315 1106 4324 -
1127 4284 1257 4353 meam
1272 4281 1397 4353 pet-mur
1415 4276 1449 4330 se
1508 4242 1509 4317 ³

309 4334 314 4344 ’
380 4346 462 4415 Epor
480 4350 507 4413 5,
528 4350 551 4400 ι.
590 4350 663 4403 ocu.
681 4352 740 4404 ne.
758 4352 789 4417 x,
812 4353 852 4406 ro.
894 4353 933 4405 ne
952 4355 1030 4421 sym
1049 4354 1109 4407 viee
1130 4355 1224 4408 neree.
1236 4357 1255 4420 ι,
1273 4356 1308 4408 94
1337 4350 1446 4414 -owl

382 4418 513 4471 collectivi
535 4420 654 4473 vocabuli
680 4423 820 4491 singularis
840 4440 961 4478 numerus
986 4414 1033 4493 pro
1060 4414 1153 4492 plurali
1186 4431 1301 4494 positus3
1329 4426 1371 4477 avi
1394 4419 1448 4473 culm

329 4516 333 4523 r
382 4491 486 4542 omuino
505 4493 615 4545 maiores
642 4503 702 4545 sunt
710 4535 720 4561 ‚
746 4504 774 4547 ut
793 4496 861 4565 tpud
882 4496 1003 4554 Ovidium
1019 4495 1088 4551 Ftst
1109 4496 1143 4565 ll,
1161 4498 1226 4558 302.
1244 4496 1322 4567 „liloe
1338 4493 1402 4568 apud
1418 4492 1451 4542 in·
