3117 5042
740 383 1014 449 conminuit

523 559 617 622 laotls
635 559 668 620 ln
686 559 783 621 altum
803 558 955 634 molibus;
977 557 1035 621 leuc
1056 562 1199 640 nequeas

473 684 502 728 ss
562 665 730 729 Caementa
749 665 882 727 demittit
897 665 1079 747 redemptor
1183 711 1187 716 .

608 770 685 837 Cunr
709 771 832 856 famulis
857 771 1056 855 dominusque
1077 779 1181 835 terrae

527 903 737 968 Fastidiosns:
757 903 811 965 sed
835 903 942 968 Timor
964 911 995 966 et
1015 904 1120 968 Minae

527 1011 688 1076 &endum
711 1010 816 1074 eodem
838 1030 898 1094 qno
920 1011 1060 1074 dominns
1080 1030 1178 1095 neque

565 1119 692 1182 Decedit
712 1126 823 1183 serata
842 1119 959 1182 triremi
982 1128 1014 1181 et
1078 1104 1080 1108 ’

474 1246 504 1290 ιο
610 1228 685 1290 Post
705 1226 836 1309 equitem
855 1227 942 1304 sedet
961 1233 1033 1291 atra
1055 1225 1147 1300 Cura

524 1359 639 1437 Quodsi
662 1360 815 1452 dolentem
834 1377 891 1421 nec
912 1358 1065 1441 Phrygius
1088 1349 1168 1440 lapis
1204 1408 1209 1413 .

525 1468 590 1530 Nec
611 1447 814 1549 purpurarum
835 1465 938 1529 sidere
958 1466 1073 1531 clarior

571 1575 687 1637 Delinit
706 1594 779 1638 usas
799 1593 857 1638 nee
879 1573 1016 1638 Falerna

610 1683 689 1746 Vitis
710 1682 1007 1765 Achaemeniumque
1026 1687 1160 1758 costum,

470 1832 500 1876 as
519 1814 583 1878 Cer
604 1814 778 1878 invidentiis
800 1815 938 1896 postibus
960 1819 992 1876 et
1011 1831 1093 1876 novo

526 1921 664 1986 sublime
687 1922 748 1986 ritu
770 1922 883 1985 moliar
904 1920 1036 1986 atriumt

569 2028 633 2093 Cur
655 2030 741 2092 valle
760 2037 927 2110 permutem
945 2026 1065 2091 Sabina

608 2137 982 2219 Divitiasoperosioresl

326 2291 367 2334 rat
386 2289 480 2350 poetu3
500 2284 542 2344 bic
562 2286 654 2338 itonam
673 2287 706 2338 ud
723 2302 797 2339 suam
813 2301 869 2338 rorn
888 2267 1026 2337 coutitur.
1068 2280 1199 2348 Quidquid
1216 2280 1304 2344 enim,
1328 2279 1424 2347 inquit,
1533 2273 1534 2348 ζ

328 2355 371 2405 isti
389 2364 523 2420 conantur,
541 2372 709 2426 quascunque
728 2359 806 2410 etiem
825 2355 963 2409 altissimae
980 2354 1063 2407 moles
1079 2357 1223 2415 emanant,
1242 2351 1367 2402 comitem
1378 2350 1426 2402 ha-

329 2426 392 2477 bent
408 2434 560 2494 perpetuam
578 2426 689 2492 Curam3
714 2444 791 2497 quam
810 2444 844 2479 ne
860 2426 970 2479 navibus
997 2423 1100 2493 quidem
1118 2430 1163 2474 aut
1182 2436 1307 2491 equorum
1328 2420 1427 2473 celeri-

329 2504 382 2548 tate
397 2506 507 2564 possunt
527 2499 652 2566 effugere,
673 2498 775 2552 scilicet
794 2500 821 2550 in
841 2499 927 2549 animo
946 2497 1043 2565 abique
1060 2501 1196 2546 retentam.
1215 2523 1247 2537 -
1273 2496 1424 2562 emmeno]

332 2567 482 2620 dictasunt
501 2568 804 2637 acaedcnd031apides
824 2570 903 2620 caesi.
923 2567 958 2620 cl.
977 2567 1061 2620 Carra.
1077 2564 1123 2630 ΙΙΙ,
1142 2565 1186 2629 24,
1205 2565 1231 2616 3.
1260 2593 1296 2605 -
1322 2564 1428 2618 sedem·

327 2642 398 2708 ptos]
428 2641 596 2709 ἐργολάβος,
627 2643 671 2709 qui
690 2657 755 2707 opus
778 2640 883 2707 aliquod
902 2637 1047 2690 iaciendum
1065 2650 1112 2687 suo
1131 2633 1248 2703 periculo
1266 2642 1340 2685 certa
1359 2651 1428 2703 qus·
1533 2664 1534 2669 =

332 2708 390 2759 dnm
409 2709 529 2760 mercede
550 2719 625 2777 pects
642 2712 773 2763 conduxit.
811 2711 845 2762 cl.
862 2709 945 2778 Epist.
963 2710 997 2774 ΙΙ,
1014 2710 1041 2772 2,
1058 2708 1101 2761 ΙΙ.
1137 2706 1243 2758 Poetice
1260 2708 1284 2756 is
1300 2708 1428 2772 [repuens
1533 2764 1534 2767 Ἴ

330 2778 433 2843 dicitur,
452 2782 511 2847 quia
529 2781 679 2849 trequentes
701 2795 790 2833 secam
809 2781 880 2832 ducit
894 2795 985 2833 servos
1003 2787 1029 2830 et
1048 2791 1149 2900 oXeras.
1169 2808 1203 2817 -
1224 2776 1318 2847 Timor]
1338 2777 1430 2829 Minae
1533 2823 1534 2845 p

330 2859 357 2901 et
377 2848 444 2901 Gara
461 2853 535 2918 quasi
552 2868 681 2919 personne
699 2860 774 2914 sunt;
799 2850 824 2902 id
844 2849 924 2902 verba
944 2849 1057 2904 seanden
1077 2851 1100 2912 i,
1117 2837 1290 2911 decedendi,
1315 2846 1429 2899 sedendi
1533 2849 1534 2897 l

328 2930 418 2988 aperte
436 2922 583 2976 ostendunt.
621 2956 654 2967 -
694 2931 792 2974 aerata
811 2924 922 2992 triremi]
951 2920 1009 2974 Non
1025 2921 1174 2972 necessario
1193 2915 1367 2986 intelligenda
1386 2927 1427 2970 est
1532 2910 1534 2952 l

328 2993 402 3042 tiaris
421 2991 498 3061 longa
518 2994 614 3046 bellico
631 2994 689 3046 usui
707 2993 856 3057 destinam
875 2994 922 3044 sed
940 2991 1009 3061 quod
1029 2999 1116 3042 aerata
1127 2997 1167 3041 est
1184 2990 1304 3052 triremis,
1323 2988 1348 3039 id
1362 3006 1427 3056 per·

329 3063 447 3113 tinaciam
478 3072 504 3114 et
532 3063 708 3117 fortitudinem
727 3064 811 3117 Curae
841 3079 891 3132 qua
910 3063 997 3114 divitis
1024 3071 1051 3113 et
1069 3062 1157 3112 iniusti
1184 3060 1295 3111 bominis
1319 3062 1425 3112 animus

329 3135 461 3200 pungitur,
480 3134 649 3186 vehementer
666 3143 751 3203 auget.
789 3133 990 3202 comprehendit
1006 3132 1072 3183 Cura
1094 3129 1282 3200 quodammodo
1294 3129 1426 3182 Timorem

331 3205 464 3264 etblinas3
483 3203 568 3256 Timor
588 3207 656 3256 enim
674 3221 708 3256 ne
727 3221 795 3273 quae
812 3206 908 3256 iniuste
929 3213 956 3255 et
968 3219 1045 3255 avare
1058 3210 1177 3270 correpta
1189 3200 1326 3253 suntbona
1337 3201 1427 3252 subito
1533 3243 1534 3248 ,

329 3282 375 3323 aut
392 3272 551 3339 abripiuntur
567 3284 612 3326 aut
630 3274 740 3344 relinqui
760 3275 888 3339 debcant,
916 3283 942 3326 et
966 3276 1050 3327 blinae
1075 3274 1172 3341 quibus·
1190 3271 1300 3338 improbi
1319 3281 1427 3339 semper

329 3343 493 3396 stimulantur
513 3347 628 3397 internae
648 3345 731 3398 Curae
752 3348 826 3413 quasi
845 3354 965 3418 parentes
984 3353 1052 3397 sunt.
1072 3345 1106 3397 cl.
1126 3343 1209 3395 Germ.
1229 3342 1357 3407 lt‚1o,21
1369 3359 1428 3411 sqq.

331 3444 363 3454 —
384 3423 447 3466 otro
467 3415 548 3489 Cura]
571 3415 603 3467 cl.
627 3416 710 3468 Germ.
731 3417 775 3481 ΙΙΙ,
797 3416 838 3479 14,
859 3418 898 3468 13.
918 3415 961 3478 w,
983 3418 1023 3480 ll,
1040 3417 1085 3468 35.
1122 3416 1184 3465 Atra
1202 3413 1296 3464 dicitur
1314 3424 1426 3480 propter
1533 3432 1534 3462 1

328 3486 416 3538 tristes
436 3489 606 3553 cogitationes
625 3497 651 3540 et
668 3503 833 3539 aerumnosas
856 3488 982 3554 imagines
999 3486 1092 3554 quibus
1108 3487 1207 3536 animos
1226 3484 1358 3535 bominum
1375 3485 1426 3535 sibi
1533 3515 1534 3534 ι

329 3556 500 3609 obnoxiorum
516 3558 615 3626 implet.
638 3589 673 3603 -·
691 3558 827 3623 dolentem]
847 3573 900 3609 non
919 3573 1037 3624 corpore,
1056 3556 1103 3607 sed
1121 3558 1215 3607 animo.
1235 3587 1270 3597 -
1290 3554 1424 3622 Ptmgtm
1533 3553 1534 3594 l

329 3628 397 3696 lapis
426 3644 537 3681 marmor
555 3630 702 3698 Phrygium.
722 3629 788 3681 Vide
808 3628 842 3679 ad
860 3626 943 3680 Germ.
963 3628 996 3692 ΙΙ,
1009 3628 1050 3691 18,
1059 3628 1085 3679 3.
1104 3658 1137 3671 -
1155 3626 1430 3696 Achaemeniumque}
1533 3635 1534 3641 ’

330 3698 396 3749 Bent
408 3701 463 3750 eius
481 3701 630 3756 mutandum
648 3701 750 3768 putavit
768 3701 794 3750 in
812 3699 1063 3760 Achaemeniumoe,
1092 3712 1203 3764 eumque
1229 3695 1301 3746 multi
1322 3712 1422 3750 novum

329 3768 435 3837 aliquod
463 3771 614 3823 deliciarum
640 3788 723 3839 genus
741 3770 799 3821 addi
825 3770 978 3821 ordinantes
1006 3770 1089 3820 secuti
1115 3776 1183 3819 snm.
1220 3766 1271 3820 Sed
1291 3776 1422 3821 errarunt.

332 3841 399 3891 Vina
417 3843 485 3893 enim
504 3851 530 3893 et
547 3851 678 3911 unguenta
696 3844 722 3893 in
737 3840 962 3892 comissationibus
980 3855 1084 3905 semper
1097 3847 1171 3889 erant
1183 3839 1329 3888 coniuncta.
1368 3839 1426 3890 Co·

330 3919 397 3962 stum
408 3914 457 3965 luit
474 3922 634 3981 unguentum
652 3929 685 3965 ex
702 3912 833 3964 radicibus
851 3913 950 3963 fruticis
969 3910 1051 3962 Indici
1069 3909 1112 3960 vel
1133 3909 1236 3961 Arabici
1246 3919 1255 3970 3'
1274 3908 1346 3977 qnod
1365 3925 1424 3958 cnm

330 3997 364 4033 ex
381 3984 476 4034 Arabia
494 3984 537 4035 vel
556 3985 628 4036 lndia
646 4000 694 4052 per
718 3983 826 4036 Parthos
852 3984 878 4033 in
906 3976 1006 4035 ltaliam
1029 3988 1262 4047 transportaretur,
1289 3978 1424 4030 Persicum

329 4053 436 4104 eiusab
456 4055 562 4122 antiquo
582 4055 715 4107 Persarum
735 4069 813 4122 rege,
842 4051 1009 4105 Achaemcne
1040 4051 1136 4115 (Carra.
1157 4052 1190 4114 ΙΙ,
1210 4053 1251 4116 12,
1270 4050 1313 4100 21.
1341 4049 1424 4117 Epod.

332 4123 374 4186 13,
392 4122 417 4173 8.
446 4124 540 4176 Herod.
559 4125 615 4188 vll,
637 4128 698 4190 11),
728 4124 929 4176 Achaemenium
948 4123 1105 4192 appellatum
1124 4131 1171 4174 est.
1200 4153 1235 4165 -
1265 4121 1424 4183 incidendis}

331 4193 365 4244 cl.
385 4194 468 4245 Germ.
488 4195 521 4256 ΙΙ,
545 4198 585 4260 10,
604 4199 629 4249 7.
648 4227 679 4238 -
702 4198 808 4264 atrium]
829 4196 922 4262 blegne
943 4205 970 4246 et
986 4193 1120 4261 splendida
1140 4208 1199 4259 pars
1218 4191 1336 4253 aedium,
1356 4206 1424 4259 qnae

331 4281 413 4331 prope
431 4265 462 4315 ad
481 4267 582 4317 ianuam
608 4268 655 4318 sita
677 4267 819 4333 splendidis
848 4266 975 4317 columnis
1001 4265 1195 4332 parietibusqne
1214 4265 1300 4313 ornari
1321 4262 1424 4313 solebat

330 4335 362 4386 ad
384 4336 551 4402 excipiendos
571 4337 689 4402 clientes,
708 4340 750 4405 qui
769 4338 801 4388 nd
819 4337 979 4388 salutandum
991 4347 1126 4402 patronum
1139 4335 1319 4388 convenirent.
1339 4333 1423 4400 Epist.

330 4406 352 4471 Ι,
371 4408 396 4471 5,
414 4408 458 4461 31.
482 4440 511 4449 -
533 4414 684 4480 permutem]
706 4409 815 4460 vidend
834 4409 919 4459 Germ.
941 4408 960 4473 l,
984 4408 1024 4473 17,
1043 4410 1069 4460 2.

782 4535 976 4549 -u—-t--w—fl-
