3117 5042
447 424 583 491 lulli-b
629 425 779 491 cnam.
801 427 866 491 vti.

153 619 179 663 ro
269 602 321 667 ilio
339 619 398 666 uec
420 609 482 666 tara
503 604 624 684 patiens
643 604 855 675 Lacedaemon

193 712 253 775 Noc
271 717 335 775 tam
358 710 505 773 berissae
525 713 676 793 percussit
696 732 821 794 campus
842 714 980 795 opimae,

275 821 373 896 Οοοιιι
395 818 502 882 domtus
522 819 680 883 Albuneae
701 822 875 884 resonantis

194 925 233 989 Et
252 943 402 1008 praeceps
426 926 506 990 ‚laio
527 945 564 990 ac
586 926 718 990 'l'iburui
741 929 827 991 lucus
851 936 882 991 ct
900 929 963 994 uda

275 1034 441 1099 Mobilibus
461 1035 601 1116 pomaria
615 1035 703 1100 rivis.

149 1140 289 1205 rudibus
310 1147 344 1204 at
365 1141 495 1205 obscuro
516 1143 657 1225 deterget
679 1142 785 1207 nubila
807 1145 898 1206 coelo

169 1266 179 1273 ·
276 1247 379 1330 Saepe
398 1249 497 1313 Notus
518 1268 617 1332 neque
638 1249 772 1332 parturit
793 1250 907 1315 imbros

194 1356 379 1439 Perpetuos,
398 1359 443 1421 sic
465 1364 497 1421 ta
519 1342 752 1440 sopiens'ttnire
773 1367 923 1447 memento

276 1464 449 1533 ‘iristitiam
471 1467 614 1548 uitaeque
635 1466 762 1529 labores

194 1570 304 1648 biolli,
328 1572 458 1653 Plance,
479 1592 582 1652 mero,
605 1592 658 1636 seu
680 1582 711 1636 te
733 1574 885 1655 fulgentia
905 1575 1005 1657 siguis

44 1660 47 1665 ’
148 1693 176 1738 m
233 1750 238 1762 ,
276 1680 390 1744 (lustra
409 1688 513 1743 tenent
529 1701 583 1743 seu
604 1682 701 1744 densa
723 1682 838 1743 tenebit

119 1873 148 1911 ca
163 1859 234 1919 Hom,
251 1861 282 1913 ΙΙ.
305 1861 362 1925 vlt,
383 1862 434 1916 180
450 1867 569 1929 βασιλῆα
589 1864 786 1933 πολυχρύσοιο
804 1862 947 1928 btvxo'rpc.
967 1892 999 1904 -·
1024 1863 1127 1932 patiens
1146 1863 1204 1914 lu·

119 1930 256 2003 eudemon]
277 1940 385 1999 propter
401 1948 500 1984 ntorum
517 1934 679 2001 disciplinam
699 1943 726 1985 et
743 1948 850 1985 severas
870 1895 981 1999 lycurgi
1001 1930 1082 1999 lcges.
1120 1932 1205 1985 liora·

119 2002 163 2052 tias
181 2004 265 2070 prisca
285 2011 403 2070 tempora
421 2005 555 2070 respexit,
586 2013 632 2067 ut,
660 2016 717 2055 cum
745 2020 793 2055 sua
816 2011 901 2054 aetate
920 2011 946 2053 ct
969 2006 1096 2070 equestris
1121 2003 1206 2071 gloria

118 2072 263 2139 Argivorum
300 2080 327 2124 et
352 2073 458 2125 diritius
485 2076 650 2140 Mycenarum
669 2082 696 2126 et
721 2076 846 2140 patientia
868 2073 1128 2125 Lacedaemoniorum
1157 2076 1206 2126 iam

119 2140 226 2194 diuturna
244 2143 380 2195 obliuione
399 2154 596 2211 premerentur,
622 2159 700 2213 quam
718 2147 802 2195 inanis
822 2152 883 2194 tunc
910 2152 981 2194 essct
999 2160 1086 2195 carum
1106 2143 1206 2196 aritium

118 2214 188 2264 nimia
206 2214 331 2278 laudatio,
353 2215 416 2282 ipsis
438 2215 559 2281 epithetis
581 2214 696 2271 dilucido
713 2215 871 2267 ostenderet.
904 2245 937 2255 -
968 2215 1102 2284 dumosae]
1122 2215 1205 2267 ibes-

117 2282 190 2335 saliae
209 2285 280 2336 urbis
303 2300 367 2353 ager
386 2285 557 2337 fertilissimus
577 2294 640 2339 erat.
660 2287 732 2338 llom.
747 2284 889 2349 limittit.
906 2312 936 2327 -
954 2288 1091 2355 percussit]
1111 2288 1202 2352 graui-

117 2360 152 2404 lcr
169 2357 255 2409 morit.

176 2451 256 2507 010.
277 2450 366 2500 miuus
385 2449 528 2522 Albuneae]
555 2448 739 2503 Praestantiam
758 2460 784 2502 et
796 2451 976 2501 amoenitatem
995 2451 1050 2516 agri
1070 2449 1205 2517 Tiburtini,

117 2517 140 2568 in
157 2535 205 2587 quo
227 2530 254 2572 et
274 2520 397 2572 lloratius
425 2537 506 2588 saepe
536 2521 741 2583 corroborabatur
760 2529 787 2571 ot
810 2522 938 2572 lluoatius
966 2519 1053 2569 uillam
1083 2520 1206 2573 babuisse

117 2588 210 2643 ridetur
229 2596 271 2660 (v.
294 2591 362 2660 21),
382 2605 433 2641 non
452 2594 509 2643 siae
527 2609 622 2660 magno
641 2594 738 2659 patriae
759 2600 843 2641 terrae
861 2606 949 2640 amore
968 2591 1002 2640 ita
1021 2590 1157 2655 describit,
1179 2601 1206 2643 ut

117 2664 178 2711 omni
201 2665 306 2714 ratione
332 2678 389 2712 cum
416 2662 541 2715 Graeciae
570 2664 738 2714 nobilissimis
759 2670 786 2713 ct
808 2660 988 2729 pulcherrimis
1013 2659 1079 2713 locis
1106 2672 1206 2715 certare

116 2729 206 2783 ltaliam
227 2748 309 2800 posse
330 2732 526 2785 demonstraret.
568 2734 687 2785 Alisanco
707 2741 746 2784 ost
767 2732 886 2798 Sibylla,
917 2748 985 2799 quae
1003 2730 1088 2783 'libari
1109 2742 1137 2783 ut
1157 2734 1207 2784 dea

116 2800 254 2865 colebatur3
285 2803 319 2854 do
345 2804 530 2867 cumcontra,
559 2821 606 2872 per
634 2804 703 2873 quod
722 2805 831 2855 Anienis
862 2802 956 2854 ssurrica
974 2804 1073 2871 ingenti
1094 2806 1205 2871 strepitu

116 2876 292 2938 pertunditur,
313 2872 449 2941 Virgilium
469 2875 530 2942 lego
549 2877 615 2927 lien.
630 2875 685 2941 Vll,
697 2873 733 2925 82
746 2891 803 2942 sqq.
828 2903 854 2914 ·-
874 2891 1000 2943 praeceps
1018 2874 1098 2943 siaiu]
1122 2876 1206 2942 Prope

117 2940 186 2995 Tibur
206 2946 276 2996 Anio
299 2943 332 2995 de
353 2943 405 2995 alta
426 2960 490 3011 rupe
510 2944 637 2997 dciicitur.
659 2978 691 2989 -
714 2939 830 3013 Tiburno]
853 2946 896 3010 qui
919 2944 986 2993 lilius
1006 2958 1027 2993 s.
1046 2959 1128 3010 nepos
1138 2947 1204 2996 Am-

115 3013 205 3080 phiarai
224 3032 285 3067 cum
314 3015 435 3066 iratribus
462 3016 555 3077 Catillo
576 3010 602 3068 dt
620 3016 686 3068 Cora
709 3014 787 3066 Tibur
804 3014 924 3080 oppidum
945 3012 1092 3064 condidisse
1115 3014 1205 3065 fertur.

115 3083 242 3138 eiCarm.
263 3087 286 3149 l,
307 3085 349 3148 18,
369 3085 393 3136 2.
431 3087 522 3153 Virgil.
543 3089 607 3139 rien.
627 3086 682 3151 l'll,
701 3086 762 3140 bii.
798 3116 832 3125 —
869 3084 949 3135 Albus
970 3085 1061 3153 lictus]
1093 3085 1153 3134 vido
1172 3084 1205 3134 ad

116 3154 189 3208 Carm.
207 3156 227 3220 Ι,
237 3157 266 3220 3,
288 3157 339 3217 ta;
359 3157 393 3206 cl.
416 3156 499 3208 Carni.
519 3157 565 3220 lli,
578 3159 622 3221 27,
638 3157 677 3209 10.
716 3157 744 3209 ln
764 3155 813 3206 lioc
831 3171 908 3206 versu
925 3155 1054 3204 adiectira
1073 3154 1146 3207 ullus
1158 3155 1203 3206 ob·

113 3243 182 3277 scaro
198 3244 230 3278 eo
252 3226 366 3277 consilio
385 3229 455 3278 iuxta
475 3227 601 3279 collocata
626 3244 684 3287 csse
703 3235 826 3294 apparet,
846 3234 873 3275 ut
891 3228 975 3293 imago
993 3241 1061 3294 quae
1079 3228 1206 3293 proponi-

115 3303 151 3346 tur
167 3299 223 3363 ipso
242 3298 383 3348 uerborum
404 3302 545 3350 certamine
566 3299 675 3350 clariore
695 3298 754 3349 luco
774 3296 948 3348 collustretur.
972 3304 1011 3338 ’-
1044 3298 1166 3367 detorquet]
1189 3313 1205 3348 a

114 3365 234 3436 dcterqeo,
253 3369 402 3435 anitiquiore
421 3366 496 3419 verbi
518 3371 607 3421 lorma.
629 3402 662 3411 -
681 3368 953 3437 nequepurt.irnbres]
974 3369 1049 3435 Apud
1072 3368 1205 3420 llorutium

114 3445 140 3486 ut
156 3439 222 3505 apud
242 3438 310 3489 alios
329 3447 419 3505 poetas
438 3456 518 3507 saepo
536 3441 572 3504 lit,
593 3448 621 3491 ut
642 3441 769 3491 renitentia
789 3454 840 3506 quo
860 3440 967 3505 grauius
987 3447 1075 3505 inrigat
1094 3441 1206 3490 nnitnum

115 3508 267 3560 audientium
287 3508 331 3559 vel
350 3508 493 3577 legentium
513 3527 565 3562 non
586 3518 646 3561 lota
659 3510 734 3562 simul
754 3502 949 3576 pronuntietur,
970 3508 1017 3559 sed
1037 3511 1124 3558 autin
1144 3524 1206 3574 par·

115 3585 150 3628 tes
167 3589 320 3631 secernatur
338 3588 383 3629 aut
399 3582 471 3632 ruric
492 3582 548 3648 ipsa
567 3589 733 3648 proponatur.
782 3580 837 3630 lloc
866 3579 973 3629 altorum
1000 3578 1206 3645 amplificationis
1232 3610 1234 3613 -

115 3662 192 3714 genus
212 3653 249 3701 ita
268 3652 402 3713 variatur,
435 3659 463 3701 ut
486 3653 648 3703 coniunctam
670 3650 810 3702 habeamus
829 3649 904 3700 modo
924 3645 1093 3700 affirmantem
1113 3656 1139 3699 ct
1156 3662 1206 3697 nc-

115 3728 222 3785 gnatcm,
241 3721 322 3771 modo
341 3722 470 3786 proprium
484 3731 510 3773 ct
523 3724 646 3789 tropicam
662 3723 872 3772 enuntiationem.
917 3721 995 3772 Cuius
1011 3720 1114 3788 quidem
1133 3718 1207 3767 atur-

115 3793 202 3841 mantis
222 3801 249 3843 ct
268 3793 390 3858 negantis
412 3794 596 3844 enuntiationis
615 3808 687 3843 exem
708 3791 760 3842 lum
779 3793 888 3853 hoc'est
905 3792 937 3842 dc
957 3807 1008 3859 qno
1026 3807 1095 3842 ιιιιιιο
1113 3790 1207 3855 agitur,

116 3874 221 3925 quocum
239 3862 363 3912 conferas
381 3861 428 3912 bos
449 3860 521 3913 locos
543 3863 625 3914 Carra.
648 3861 668 3925 1,
685 3808 712 3924 g,
737 3864 776 3912 12.
799 3861 819 3919 Ι,
838 3862 864 3919 8.
888 3862 927 3914 10.
951 3863 983 3923 ΙΙ,
1004 3862 1029 3927 9,
1051 3861 1092 3914 10.
1118 3861 1151 3921 ll,
1164 3860 1206 3921 10,
1256 3898 1260 3905 .

117 3929 153 3980 19.
172 3930 205 3995 ΙΙ,
225 3933 267 3995 tt,
290 3932 326 3983 22
354 3930 387 3994 ΙΙ,
409 3929 452 3995 16,
469 3934 495 3985 3.
516 3932 562 3996 ΙΙΙ,
581 3932 607 3997 6,
628 3930 671 3983 26.
690 3932 737 3995 ΙΙΙ,
757 3932 784 3993 0,
804 3931 829 3983 6.
850 3933 891 3995 ΙΙΙ,
910 3933 990 3995 t‚31.
1028 3934 1130 3996 Quare
1151 3931 1206 3981 ficri

115 4000 194 4065 solet,
226 4011 255 4052 ut
273 4004 422 4052 sentcntiae
451 4018 531 4069 saepe
552 4000 670 4054 causales
698 4011 723 4053 et
741 4005 927 4053 consecutivae
945 4020 997 4055 non
1015 4005 1048 4055 iis
1066 4003 1159 4071 quibus
1180 4003 1206 4053 iu

115 4073 226 4123 anduno
249 4071 376 4124 utendum
397 4081 437 4123 est
455 4073 588 4140 particulis
607 4073 769 4137 adiiciuntur,
790 4073 836 4124 sed
854 4071 893 4125 liis
923 4083 956 4140 et,
977 4093 1032 4143 que,
1051 4093 1108 4140 nec,
1126 4090 1208 4142 nopae

113 4141 264 4209 simpliciter
281 4141 417 4194 addantur.

178 4239 209 4289 t.
232 4239 276 4290 17.
294 4240 408 4306 sopiens]
432 4237 493 4288 ride
510 4237 542 4289 ad
561 4238 582 4303 Ι,
602 4240 628 4302 2,
641 4238 685 4290 45.
710 4269 743 4284 -
774 4238 846 4289 molli
865 4245 945 4310 meru]
966 4241 1059 4293 Vinum
1076 4248 1208 4293 uetustum
1227 4263 1230 4267 ’

115 4305 205 4374 molle,
234 4323 333 4360 recens
354 4315 486 4363 austerum
499 4317 546 4359 est.
584 4309 639 4360 Hoc
657 4317 742 4359 tamma
764 4309 821 4360 loco
840 4309 890 4359 adi.
916 4310 989 4361 molli
1012 4328 1060 4379 per
1081 4313 1209 4381 quandam

115 4377 244 4445 prolepsin
266 4380 382 4445 positum
402 4385 459 4441 est,
486 4380 608 4445 quoniam
625 4380 679 4431 viai
701 4380 811 4445 sapienti
831 4395 878 4429 usu
900 4381 1052 4443 „mordaces
1073 4384 1210 4450 diffugiunt

117 4447 323 4500 sollicitudines‘t
341 4448 440 4517 (Germ.
455 4448 476 4511 l,
487 4450 530 4512 18,
540 4448 581 4515 4).
601 4481 635 4493 -
656 4451 759 4519 tenebit]
782 4449 963 4517 Praeterquam
981 4454 1049 4521 quod
1067 4456 1123 4522 ipsa
1136 4457 1209 4505 eius-

115 4514 168 4571 dem
185 4519 260 4573 vorbi
273 4520 395 4587 repetitio
407 4521 494 4587 grauis
505 4529 545 4573 est
566 4524 647 4588 (quae
657 4521 760 4588 quidem
771 4523 884 4589 maritas
895 4522 1010 4575 locorum
1024 4541 1091 4592 quae
1101 4520 1207 4578 rerbu‘m
