<?xml version="1.0" encoding="UTF-8"?>
<!DOCTYPE html PUBLIC "-//W3C//DTD XHTML 1.0 Transitional//EN"
    "http://www.w3.org/TR/xhtml1/DTD/xhtml1-transitional.dtd">
<html xmlns="http://www.w3.org/1999/xhtml" xml:lang="en" lang="en">
 <head>
  <title>
</title>
<meta http-equiv="Content-Type" content="text/html;charset=utf-8" />
  <meta name='ocr-system' content='tesseract 3.04.00' />
  <meta name='ocr-capabilities' content='ocr_page ocr_carea ocr_par ocr_line ocrx_word'/>
</head>
<body>
  <div class='ocr_page' id='page_1' title='image "./operaomnia00dillgoog_0546.png"; bbox 0 0 3117 5042; ppageno 0'>
   <div class='ocr_carea' id='block_1_1' title="bbox 347 340 1089 413">
    <p class='ocr_par' dir='ltr' id='par_1_1' title="bbox 347 340 1089 413">
     <span class='ocr_line' id='line_1_1' title="bbox 347 340 1089 413; baseline -0.013 0"><span class='ocrx_word' id='word_1_1' title='bbox 347 352 411 413; x_wconf 78' lang='lat' dir='ltr'>blo</span> <span class='ocrx_word' id='word_1_2' title='bbox 702 340 1089 406; x_wconf 68' lang='lat' dir='ltr'>aristodemum</span> 
     </span>
    </p>
   </div>
   <div class='ocr_carea' id='block_1_2' title="bbox 342 521 1425 2576">
    <p class='ocr_par' dir='ltr' id='par_1_2' title="bbox 425 521 1324 932">
     <span class='ocr_line' id='line_1_2' title="bbox 426 521 1296 611; baseline -0.01 -20"><span class='ocrx_word' id='word_1_3' title='bbox 426 527 602 611; x_wconf 72' lang='lat' dir='ltr'>lngeuium,</span> <span class='ocrx_word' id='word_1_4' title='bbox 622 525 683 589; x_wconf 85' lang='lat' dir='ltr'>sibl</span> <span class='ocrx_word' id='word_1_5' title='bbox 698 524 784 608; x_wconf 77' lang='lat' dir='ltr'>quod</span> <span class='ocrx_word' id='word_1_6' title='bbox 807 521 923 588; x_wconf 78' lang='lat' dir='ltr'>vacuas</span> <span class='ocrx_word' id='word_1_7' title='bbox 943 524 1111 606; x_wconf 69' lang='lat' dir='ltr'>dean-pell</span> <span class='ocrx_word' id='word_1_8' title='bbox 1132 522 1296 587; x_wconf 44' lang='lat' dir='ltr'>Albenses</span> 
     </span>
     <span class='ocr_line' id='line_1_3' title="bbox 427 631 1171 714; baseline -0.007 -16"><span class='ocrx_word' id='word_1_9' title='bbox 427 636 469 698; x_wconf 77' lang='grc' dir='ltr'>ΙΙΙ</span> <span class='ocrx_word' id='word_1_10' title='bbox 487 634 597 698; x_wconf 85' lang='lat' dir='ltr'>studiis</span> <span class='ocrx_word' id='word_1_11' title='bbox 618 650 717 695; x_wconf 80' lang='lat' dir='ltr'>annm</span> <span class='ocrx_word' id='word_1_12' title='bbox 737 639 855 714; x_wconf 88' lang='lat' dir='ltr'>septem</span> <span class='ocrx_word' id='word_1_13' title='bbox 875 631 959 694; x_wconf 87' lang='lat' dir='ltr'>dedit</span> <span class='ocrx_word' id='word_1_14' title='bbox 980 631 1171 713; x_wconf 78' lang='lat' dir='ltr'>insenuitque</span> 
     </span>
     <span class='ocr_line' id='line_1_4' title="bbox 425 739 1124 819; baseline -0.013 -11"><span class='ocrx_word' id='word_1_15' title='bbox 425 741 530 808; x_wconf 77' lang='lat' dir='ltr'>hibuit</span> <span class='ocrx_word' id='word_1_16' title='bbox 551 747 584 803; x_wconf 86' lang='lat' dir='ltr'>et</span> <span class='ocrx_word' id='word_1_17' title='bbox 605 739 709 819; x_wconf 74' lang='lat' dir='ltr'>euris,</span> <span class='ocrx_word' id='word_1_18' title='bbox 728 745 833 803; x_wconf 86' lang='lat' dir='ltr'>statua</span> <span class='ocrx_word' id='word_1_19' title='bbox 853 739 1037 802; x_wconf 78' lang='lat' dir='ltr'><strong>taciturnius</strong></span> <span class='ocrx_word' id='word_1_20' title='bbox 1058 739 1124 803; x_wconf 87' lang='lat' dir='ltr'>exit</span> 
     </span>
     <span class='ocr_line' id='line_1_5' title="bbox 426 846 1324 932; baseline -0.009 -16"><span class='ocrx_word' id='word_1_21' title='bbox 426 853 607 932; x_wconf 75' lang='lat' dir='ltr'>Plerumque</span> <span class='ocrx_word' id='word_1_22' title='bbox 628 855 660 918; x_wconf 83' lang='lat' dir='ltr'>et</span> <span class='ocrx_word' id='word_1_23' title='bbox 680 849 745 911; x_wconf 86' lang='lat' dir='ltr'>risu</span> <span class='ocrx_word' id='word_1_24' title='bbox 766 847 912 930; x_wconf 84' lang='lat' dir='ltr'>populum</span> <span class='ocrx_word' id='word_1_25' title='bbox 931 847 1050 929; x_wconf 81' lang='lat' dir='ltr'>quatit:</span> <span class='ocrx_word' id='word_1_26' title='bbox 1070 846 1120 909; x_wconf 79' lang='lat' dir='ltr'>laic</span> <span class='ocrx_word' id='word_1_27' title='bbox 1140 865 1200 929; x_wconf 73' lang='lat' dir='ltr'>eqo</span> <span class='ocrx_word' id='word_1_28' title='bbox 1221 864 1324 909; x_wconf 87' lang='lat' dir='ltr'>rerum</span> 
     </span>
    </p>

    <p class='ocr_par' dir='ltr' id='par_1_3' title="bbox 371 952 1316 1466">
     <span class='ocr_line' id='line_1_6' title="bbox 371 952 1196 1036; baseline -0.008 -14"><span class='ocrx_word' id='word_1_29' title='bbox 371 979 400 1022; x_wconf 82' lang='lat' dir='ltr'>ss</span> <span class='ocrx_word' id='word_1_30' title='bbox 422 956 578 1022; x_wconf 76' lang='lat' dir='ltr'>Fluctibus</span> <span class='ocrx_word' id='word_1_31' title='bbox 597 956 629 1020; x_wconf 88' lang='lat' dir='ltr'>iu</span> <span class='ocrx_word' id='word_1_32' title='bbox 649 955 756 1020; x_wconf 88' lang='lat' dir='ltr'>mediis</span> <span class='ocrx_word' id='word_1_33' title='bbox 776 961 807 1017; x_wconf 87' lang='lat' dir='ltr'>et</span> <span class='ocrx_word' id='word_1_34' title='bbox 828 952 1060 1036; x_wconf 69' lang='lat' dir='ltr'>tempestatibus</span> <span class='ocrx_word' id='word_1_35' title='bbox 1081 954 1168 1016; x_wconf 86' lang='lat' dir='ltr'>urbis</span> <span class='ocrx_word' id='word_1_36' title='bbox 1192 975 1196 986; x_wconf 55' lang='lat'>¹</span> 
     </span>
     <span class='ocr_line' id='line_1_7' title="bbox 425 1061 1276 1142; baseline -0.009 -13"><span class='ocrx_word' id='word_1_37' title='bbox 425 1065 529 1129; x_wconf 87' lang='lat' dir='ltr'>Verba</span> <span class='ocrx_word' id='word_1_38' title='bbox 549 1065 638 1142; x_wconf 87' lang='lat' dir='ltr'>lyrae</span> <span class='ocrx_word' id='word_1_39' title='bbox 659 1069 783 1126; x_wconf 86' lang='lat' dir='ltr'>motura</span> <span class='ocrx_word' id='word_1_40' title='bbox 804 1081 911 1125; x_wconf 81' lang='lat' dir='ltr'>sonum</span> <span class='ocrx_word' id='word_1_41' title='bbox 933 1070 1115 1125; x_wconf 77' lang='lat' dir='ltr'>connectere</span> <span class='ocrx_word' id='word_1_42' title='bbox 1137 1061 1276 1142; x_wconf 79' lang='lat' dir='ltr'>dignerl</span> 
     </span>
     <span class='ocr_line' id='line_1_8' title="bbox 423 1143 1316 1247; baseline -0.008 -10"><span class='ocrx_word' id='word_1_43' title='bbox 423 1174 536 1238; x_wconf 75' lang='lat' dir='ltr'>mater</span> <span class='ocrx_word' id='word_1_44' title='bbox 556 1177 626 1236; x_wconf 84' lang='lat' dir='ltr'>erat</span> <span class='ocrx_word' id='word_1_45' title='bbox 646 1172 764 1234; x_wconf 78' lang='lat' dir='ltr'>Romae</span> <span class='ocrx_word' id='word_1_46' title='bbox 785 1170 917 1233; x_wconf 83' lang='lat' dir='ltr'>consulti</span> <span class='ocrx_word' id='word_1_47' title='bbox 936 1170 1063 1247; x_wconf 61' lang='lat' dir='ltr'>steron</span> <span class='ocrx_word' id='word_1_48' title='bbox 1083 1175 1119 1231; x_wconf 91' lang='lat' dir='ltr'>ut</span> <span class='ocrx_word' id='word_1_49' title='bbox 1136 1170 1220 1232; x_wconf 86' lang='lat' dir='ltr'>alter</span> <span class='ocrx_word' id='word_1_50' title='bbox 1313 1143 1316 1162; x_wconf 39' lang='grc' dir='ltr'>ι</span> 
     </span>
     <span class='ocr_line' id='line_1_9' title="bbox 425 1271 1155 1354; baseline -0.01 -9"><span class='ocrx_word' id='word_1_51' title='bbox 425 1281 561 1345; x_wconf 83' lang='lat' dir='ltr'>Alterius</span> <span class='ocrx_word' id='word_1_52' title='bbox 586 1297 726 1344; x_wconf 87' lang='lat' dir='ltr'>sermone</span> <span class='ocrx_word' id='word_1_53' title='bbox 746 1297 851 1341; x_wconf 88' lang='lat' dir='ltr'>meros</span> <span class='ocrx_word' id='word_1_54' title='bbox 869 1278 993 1342; x_wconf 85' lang='lat' dir='ltr'>audiret</span> <span class='ocrx_word' id='word_1_55' title='bbox 1013 1271 1155 1354; x_wconf 68' lang='lat' dir='ltr'>bonores,</span> 
     </span>
     <span class='ocr_line' id='line_1_10' title="bbox 425 1384 1273 1466; baseline -0.007 -14"><span class='ocrx_word' id='word_1_56' title='bbox 425 1388 582 1452; x_wconf 79' lang='lat' dir='ltr'>Gracchus</span> <span class='ocrx_word' id='word_1_57' title='bbox 603 1394 637 1451; x_wconf 88' lang='lat' dir='ltr'>ut</span> <span class='ocrx_word' id='word_1_58' title='bbox 656 1386 706 1451; x_wconf 90' lang='lat' dir='ltr'>bic</span> <span class='ocrx_word' id='word_1_59' title='bbox 726 1386 794 1463; x_wconf 86' lang='lat' dir='ltr'>illi,</span> <span class='ocrx_word' id='word_1_60' title='bbox 818 1388 901 1448; x_wconf 77' lang='lat' dir='ltr'>leret</span> <span class='ocrx_word' id='word_1_61' title='bbox 921 1384 992 1448; x_wconf 85' lang='lat' dir='ltr'>buin</span> <span class='ocrx_word' id='word_1_62' title='bbox 1007 1392 1046 1466; x_wconf 37' lang='lat' dir='ltr'>‚ut</span> <span class='ocrx_word' id='word_1_63' title='bbox 1061 1385 1197 1447; x_wconf 83' lang='lat' dir='ltr'>blucius</span> <span class='ocrx_word' id='word_1_64' title='bbox 1209 1384 1273 1446; x_wconf 83' lang='lat' dir='ltr'>ille</span> 
     </span>
    </p>

    <p class='ocr_par' dir='ltr' id='par_1_4' title="bbox 373 1492 1347 2009">
     <span class='ocr_line' id='line_1_11' title="bbox 373 1492 1221 1576; baseline -0.011 -14"><span class='ocrx_word' id='word_1_65' title='bbox 373 1513 405 1562; x_wconf 75' lang='lat' dir='ltr'>tu</span> <span class='ocrx_word' id='word_1_66' title='bbox 428 1497 486 1573; x_wconf 78' lang='lat' dir='ltr'>Qui</span> <span class='ocrx_word' id='word_1_67' title='bbox 506 1495 604 1559; x_wconf 75' lang='lat' dir='ltr'>ulnus</span> <span class='ocrx_word' id='word_1_68' title='bbox 627 1502 757 1576; x_wconf 73' lang='lat' dir='ltr'>argutos</span> <span class='ocrx_word' id='word_1_69' title='bbox 781 1499 877 1557; x_wconf 81' lang='lat' dir='ltr'>vexat</span> <span class='ocrx_word' id='word_1_70' title='bbox 898 1494 984 1556; x_wconf 76' lang='lat' dir='ltr'>furor</span> <span class='ocrx_word' id='word_1_71' title='bbox 1005 1492 1064 1554; x_wconf 87' lang='lat' dir='ltr'>iate</span> <span class='ocrx_word' id='word_1_72' title='bbox 1087 1494 1221 1573; x_wconf 77' lang='lat' dir='ltr'>poetast</span> 
     </span>
     <span class='ocr_line' id='line_1_12' title="bbox 424 1600 1253 1686; baseline -0.007 -18"><span class='ocrx_word' id='word_1_73' title='bbox 424 1603 576 1668; x_wconf 81' lang='lat' dir='ltr'>Carmina·</span> <span class='ocrx_word' id='word_1_74' title='bbox 592 1622 761 1686; x_wconf 87' lang='lat' dir='ltr'>compono,</span> <span class='ocrx_word' id='word_1_75' title='bbox 785 1600 834 1664; x_wconf 80' lang='lat' dir='ltr'>tto</span> <span class='ocrx_word' id='word_1_76' title='bbox 857 1602 975 1683; x_wconf 77' lang='lat' dir='ltr'>elegos</span> <span class='ocrx_word' id='word_1_77' title='bbox 1019 1601 1164 1663; x_wconf 77' lang='lat' dir='ltr'>Mirabile</span> <span class='ocrx_word' id='word_1_78' title='bbox 1184 1600 1253 1662; x_wconf 88' lang='lat' dir='ltr'>risu</span> 
     </span>
     <span class='ocr_line' id='line_1_13' title="bbox 424 1708 1347 1794; baseline -0.007 -18"><span class='ocrx_word' id='word_1_79' title='bbox 424 1714 645 1794; x_wconf 68' lang='lat' dir='ltr'>cruciatumque</span> <span class='ocrx_word' id='word_1_80' title='bbox 664 1729 774 1773; x_wconf 85' lang='lat' dir='ltr'>novem</span> <span class='ocrx_word' id='word_1_81' title='bbox 796 1710 896 1772; x_wconf 87' lang='lat' dir='ltr'>illusis</span> <span class='ocrx_word' id='word_1_82' title='bbox 920 1710 1011 1791; x_wconf 88' lang='lat' dir='ltr'>opus!</span> <span class='ocrx_word' id='word_1_83' title='bbox 1054 1708 1188 1791; x_wconf 75' lang='lat' dir='ltr'>Adspice</span> <span class='ocrx_word' id='word_1_84' title='bbox 1210 1709 1347 1790; x_wconf 82' lang='lat' dir='ltr'>primum,</span> 
     </span>
     <span class='ocr_line' id='line_1_14' title="bbox 424 1818 1229 1900; baseline -0.006 -15"><span class='ocrx_word' id='word_1_85' title='bbox 424 1825 546 1897; x_wconf 78' lang='lat' dir='ltr'>Quanto</span> <span class='ocrx_word' id='word_1_86' title='bbox 569 1837 636 1888; x_wconf 88' lang='lat' dir='ltr'>cum</span> <span class='ocrx_word' id='word_1_87' title='bbox 657 1820 760 1896; x_wconf 85' lang='lat' dir='ltr'>lustu,</span> <span class='ocrx_word' id='word_1_88' title='bbox 783 1823 899 1900; x_wconf 83' lang='lat' dir='ltr'>quanto</span> <span class='ocrx_word' id='word_1_89' title='bbox 920 1818 1075 1882; x_wconf 86' lang='lat' dir='ltr'>molimine</span> <span class='ocrx_word' id='word_1_90' title='bbox 1100 1818 1229 1880; x_wconf 83' lang='lat' dir='ltr'>circum-</span> 
     </span>
     <span class='ocr_line' id='line_1_15' title="bbox 424 1925 1212 2009; baseline -0.008 -18"><span class='ocrx_word' id='word_1_91' title='bbox 424 1929 602 2009; x_wconf 77' lang='lat' dir='ltr'>spectemus</span> <span class='ocrx_word' id='word_1_92' title='bbox 624 1931 757 1988; x_wconf 84' lang='lat' dir='ltr'>vucu&#39;am·</span> <span class='ocrx_word' id='word_1_93' title='bbox 772 1926 920 1988; x_wconf 61' lang='lat' dir='ltr'>&amp;manis</span> <span class='ocrx_word' id='word_1_94' title='bbox 939 1925 1062 1989; x_wconf 81' lang='lat' dir='ltr'>vatibus</span> <span class='ocrx_word' id='word_1_95' title='bbox 1081 1925 1212 1998; x_wconf 81' lang='lat' dir='ltr'>acdem3</span> 
     </span>
    </p>

    <p class='ocr_par' dir='ltr' id='par_1_5' title="bbox 372 2029 1400 2450">
     <span class='ocr_line' id='line_1_16' title="bbox 372 2029 1347 2115; baseline -0.011 -15"><span class='ocrx_word' id='word_1_96' title='bbox 372 2034 625 2111; x_wconf 69' lang='lat' dir='ltr'>sallustium,</span> <span class='ocrx_word' id='word_1_97' title='bbox 649 2033 675 2096; x_wconf 90' lang='lat' dir='ltr'>sl</span> <span class='ocrx_word' id='word_1_98' title='bbox 696 2034 777 2095; x_wconf 88' lang='lat' dir='ltr'>lorte</span> <span class='ocrx_word' id='word_1_99' title='bbox 799 2051 911 2108; x_wconf 81' lang='lat' dir='ltr'>vacas,</span> <span class='ocrx_word' id='word_1_100' title='bbox 932 2049 1061 2115; x_wconf 79' lang='lat' dir='ltr'>sequere</span> <span class='ocrx_word' id='word_1_101' title='bbox 1079 2041 1119 2100; x_wconf 80' lang='lat' dir='ltr'>et·</span> <span class='ocrx_word' id='word_1_102' title='bbox 1134 2031 1242 2113; x_wconf 87' lang='lat' dir='ltr'>procul</span> <span class='ocrx_word' id='word_1_103' title='bbox 1265 2029 1347 2104; x_wconf 81' lang='lat' dir='ltr'>sodi,</span> 
     </span>
     <span class='ocr_line' id='line_1_17' title="bbox 425 2140 1400 2223; baseline -0.007 -18"><span class='ocrx_word' id='word_1_104' title='bbox 425 2142 503 2220; x_wconf 73' lang='lat' dir='ltr'>Quid</span> <span class='ocrx_word' id='word_1_105' title='bbox 526 2142 610 2205; x_wconf 78' lang='lat' dir='ltr'>derat</span> <span class='ocrx_word' id='word_1_106' title='bbox 632 2147 663 2202; x_wconf 90' lang='lat' dir='ltr'>et</span> <span class='ocrx_word' id='word_1_107' title='bbox 685 2159 781 2223; x_wconf 85' lang='lat' dir='ltr'>quare</span> <span class='ocrx_word' id='word_1_108' title='bbox 807 2140 868 2204; x_wconf 83' lang='lat' dir='ltr'>sibi</span> <span class='ocrx_word' id='word_1_109' title='bbox 888 2147 992 2203; x_wconf 78' lang='lat' dir='ltr'>nectet</span> <span class='ocrx_word' id='word_1_110' title='bbox 1012 2147 1141 2222; x_wconf 84' lang='lat' dir='ltr'>uterque</span> <span class='ocrx_word' id='word_1_111' title='bbox 1160 2155 1316 2200; x_wconf 80' lang='lat' dir='ltr'>coronam.</span> <span class='ocrx_word' id='word_1_112' title='bbox 1395 2199 1400 2208; x_wconf 73' lang='grc'>,</span> 
     </span>
     <span class='ocr_line' id='line_1_18' title="bbox 431 2246 1292 2330; baseline -0.006 -17"><span class='ocrx_word' id='word_1_113' title='bbox 431 2249 597 2313; x_wconf 75' lang='lat' dir='ltr'>credimur</span> <span class='ocrx_word' id='word_1_114' title='bbox 620 2255 652 2310; x_wconf 88' lang='lat' dir='ltr'>et</span> <span class='ocrx_word' id='word_1_115' title='bbox 671 2247 797 2311; x_wconf 86' lang='lat' dir='ltr'>totidem</span> <span class='ocrx_word' id='word_1_116' title='bbox 819 2248 923 2330; x_wconf 75' lang='lat' dir='ltr'>plagis</span> <span class='ocrx_word' id='word_1_117' title='bbox 944 2247 1150 2318; x_wconf 78' lang='lat' dir='ltr'>consumimus</span> <span class='ocrx_word' id='word_1_118' title='bbox 1171 2246 1292 2309; x_wconf 76' lang='lat' dir='ltr'>bostem</span> 
     </span>
     <span class='ocr_line' id='line_1_19' title="bbox 427 2355 1164 2450; baseline -0.003 -31"><span class='ocrx_word' id='word_1_119' title='bbox 427 2359 525 2450; x_wconf 81' lang='lat' dir='ltr'>bento</span> <span class='ocrx_word' id='word_1_120' title='bbox 541 2355 701 2420; x_wconf 80' lang='lat' dir='ltr'>Samnites</span> <span class='ocrx_word' id='word_1_121' title='bbox 721 2355 762 2419; x_wconf 84' lang='lat' dir='ltr'>ad</span> <span class='ocrx_word' id='word_1_122' title='bbox 786 2356 903 2419; x_wconf 78' lang='lat' dir='ltr'>lumina</span> <span class='ocrx_word' id='word_1_123' title='bbox 921 2355 1028 2438; x_wconf 86' lang='lat' dir='ltr'>prima</span> <span class='ocrx_word' id='word_1_124' title='bbox 1041 2355 1164 2418; x_wconf 70' lang='lat' dir='ltr'>&#39;duella</span> 
     </span>
    </p>

    <p class='ocr_par' dir='ltr' id='par_1_6' title="bbox 342 2467 1425 2576">
     <span class='ocr_line' id='line_1_20' title="bbox 342 2467 1425 2576; baseline -0.006 -23"><span class='ocrx_word' id='word_1_125' title='bbox 342 2511 370 2554; x_wconf 86' lang='lat' dir='ltr'>et</span> <span class='ocrx_word' id='word_1_126' title='bbox 387 2502 489 2553; x_wconf 88' lang='lat' dir='ltr'>accedit</span> <span class='ocrx_word' id='word_1_127' title='bbox 508 2502 584 2556; x_wconf 88' lang='lat' dir='ltr'>trium</span> <span class='ocrx_word' id='word_1_128' title='bbox 600 2499 799 2553; x_wconf 81' lang='lat' dir='ltr'>scholiastarum</span> <span class='ocrx_word' id='word_1_129' title='bbox 817 2467 965 2554; x_wconf 71' lang='lat' dir='ltr'>auctoritas.</span> <span class='ocrx_word' id='word_1_130' title='bbox 1011 2499 1197 2568; x_wconf 70' lang='lat' dir='ltr'>duplicandum</span> <span class='ocrx_word' id='word_1_131' title='bbox 1216 2489 1301 2567; x_wconf 82' lang='lat' dir='ltr'>puto:</span> <span class='ocrx_word' id='word_1_132' title='bbox 1335 2495 1376 2548; x_wconf 76' lang='lat' dir='ltr'>Vis</span> <span class='ocrx_word' id='word_1_133' title='bbox 1391 2507 1425 2576; x_wconf 59' lang='lat'>‚¹⁸⁸</span> 
     </span>
    </p>
   </div>
   <div class='ocr_carea' id='block_1_3' title="bbox 342 2570 1426 2711">
    <p class='ocr_par' dir='ltr' id='par_1_7' title="bbox 342 2570 1426 2711">
     <span class='ocr_line' id='line_1_21' title="bbox 342 2570 1426 2641; baseline -0.002 -18"><span class='ocrx_word' id='word_1_134' title='bbox 342 2574 452 2640; x_wconf 76' lang='lat' dir='ltr'>oestiqs&#39;u</span> <span class='ocrx_word' id='word_1_135' title='bbox 468 2581 556 2624; x_wconf 67' lang='lat' dir='ltr'>ectum</span> <span class='ocrx_word' id='word_1_136' title='bbox 573 2575 723 2641; x_wconf 74' lang='lat' dir='ltr'>mntbtqere</span> <span class='ocrx_word' id='word_1_137' title='bbox 740 2581 765 2623; x_wconf 87' lang='lat' dir='ltr'>et</span> <span class='ocrx_word' id='word_1_138' title='bbox 782 2573 870 2638; x_wconf 83' lang='lat' dir='ltr'>sequi,</span> <span class='ocrx_word' id='word_1_139' title='bbox 900 2588 951 2624; x_wconf 89' lang='lat' dir='ltr'>uon</span> <span class='ocrx_word' id='word_1_140' title='bbox 974 2589 1054 2639; x_wconf 77' lang='lat' dir='ltr'>usque</span> <span class='ocrx_word' id='word_1_141' title='bbox 1078 2574 1151 2639; x_wconf 79' lang='lat' dir='ltr'>sequi</span> <span class='ocrx_word' id='word_1_142' title='bbox 1176 2573 1258 2623; x_wconf 80' lang='lat' dir='ltr'>donec</span> <span class='ocrx_word' id='word_1_143' title='bbox 1278 2570 1426 2635; x_wconf 64' lang='lat' dir='ltr'>eoseum</span> 
     </span>
     <span class='ocr_line' id='line_1_22' title="bbox 342 2634 1425 2711; baseline -0.005 -18"><span class='ocrx_word' id='word_1_144' title='bbox 342 2643 466 2694; x_wconf 81' lang='lat' dir='ltr'>Nimirum</span> <span class='ocrx_word' id='word_1_145' title='bbox 484 2650 537 2694; x_wconf 87' lang='lat' dir='ltr'>tum</span> <span class='ocrx_word' id='word_1_146' title='bbox 555 2642 658 2694; x_wconf 87' lang='lat' dir='ltr'>demum</span> <span class='ocrx_word' id='word_1_147' title='bbox 676 2651 754 2709; x_wconf 85' lang='lat' dir='ltr'>poeta</span> <span class='ocrx_word' id='word_1_148' title='bbox 773 2644 883 2711; x_wconf 79' lang='lat' dir='ltr'>vestigia</span> <span class='ocrx_word' id='word_1_149' title='bbox 904 2652 989 2705; x_wconf 76' lang='lat' dir='ltr'>vamum</span> <span class='ocrx_word' id='word_1_150' title='bbox 1010 2645 1084 2709; x_wconf 88' lang='lat' dir='ltr'>sequi</span> <span class='ocrx_word' id='word_1_151' title='bbox 1102 2650 1198 2708; x_wconf 79' lang='lat' dir='ltr'>potest,</span> <span class='ocrx_word' id='word_1_152' title='bbox 1218 2658 1277 2692; x_wconf 89' lang='lat' dir='ltr'>cum</span> <span class='ocrx_word' id='word_1_153' title='bbox 1290 2634 1425 2691; x_wconf 72' lang='lat' dir='ltr'>mediando</span> 
     </span>
    </p>
   </div>
   <div class='ocr_carea' id='block_1_4' title="bbox 342 2709 1518 2782">
    <p class='ocr_par' dir='ltr' id='par_1_8' title="bbox 342 2709 1518 2782">
     <span class='ocr_line' id='line_1_23' title="bbox 342 2709 1518 2782; baseline -0.005 -19"><span class='ocrx_word' id='word_1_154' title='bbox 342 2721 369 2763; x_wconf 91' lang='lat' dir='ltr'>et</span> <span class='ocrx_word' id='word_1_155' title='bbox 386 2715 497 2764; x_wconf 88' lang='lat' dir='ltr'>animum</span> <span class='ocrx_word' id='word_1_156' title='bbox 518 2711 629 2765; x_wconf 85' lang='lat' dir='ltr'>sublime</span> <span class='ocrx_word' id='word_1_157' title='bbox 647 2715 720 2780; x_wconf 86' lang='lat' dir='ltr'>quasi</span> <span class='ocrx_word' id='word_1_158' title='bbox 743 2712 846 2782; x_wconf 76' lang='lat' dir='ltr'>agendo</span> <span class='ocrx_word' id='word_1_159' title='bbox 863 2721 890 2764; x_wconf 90' lang='lat' dir='ltr'>et</span> <span class='ocrx_word' id='word_1_160' title='bbox 909 2713 941 2764; x_wconf 88' lang='lat' dir='ltr'>ab</span> <span class='ocrx_word' id='word_1_161' title='bbox 959 2714 1009 2765; x_wconf 86' lang='lat' dir='ltr'>boc</span> <span class='ocrx_word' id='word_1_162' title='bbox 1023 2715 1132 2779; x_wconf 89' lang='lat' dir='ltr'>strepitu</span> <span class='ocrx_word' id='word_1_163' title='bbox 1145 2711 1303 2764; x_wconf 85' lang='lat' dir='ltr'>removendo</span> <span class='ocrx_word' id='word_1_164' title='bbox 1316 2709 1426 2760; x_wconf 52' lang='lat' dir='ltr'>illucet*</span> <span class='ocrx_word' id='word_1_165' title='bbox 1517 2769 1518 2782; x_wconf 13' lang='grc' dir='ltr'>ἵ</span> 
     </span>
    </p>
   </div>
   <div class='ocr_carea' id='block_1_5' title="bbox 343 2779 1428 3410">
    <p class='ocr_par' dir='ltr' id='par_1_9' title="bbox 343 2779 1428 3410">
     <span class='ocr_line' id='line_1_24' title="bbox 343 2779 1427 2851; baseline -0.005 -16"><span class='ocrx_word' id='word_1_166' title='bbox 343 2785 439 2851; x_wconf 73' lang='lat' dir='ltr'>tigerit.</span> <span class='ocrx_word' id='word_1_167' title='bbox 466 2783 500 2834; x_wconf 88' lang='lat' dir='ltr'>cl.</span> <span class='ocrx_word' id='word_1_168' title='bbox 521 2783 576 2835; x_wconf 81' lang='lat' dir='ltr'>Cic.</span> <span class='ocrx_word' id='word_1_169' title='bbox 594 2783 673 2834; x_wconf 83' lang='lat' dir='ltr'>Tusa.</span> <span class='ocrx_word' id='word_1_170' title='bbox 692 2783 712 2848; x_wconf 93' lang='grc' dir='ltr'>Ι,</span> <span class='ocrx_word' id='word_1_171' title='bbox 733 2783 776 2847; x_wconf 85' lang='grc'>19,</span> <span class='ocrx_word' id='word_1_172' title='bbox 795 2779 832 2834; x_wconf 76' lang='grc'>43</span> <span class='ocrx_word' id='word_1_173' title='bbox 859 2783 925 2847; x_wconf 74' lang='grc' dir='ltr'>-Οιιί</span> <span class='ocrx_word' id='word_1_174' title='bbox 946 2792 1084 2835; x_wconf 78' lang='lat' dir='ltr'>contracto</span> <span class='ocrx_word' id='word_1_175' title='bbox 1100 2783 1286 2850; x_wconf 82' lang='lat' dir='ltr'>praetulerunt,</span> <span class='ocrx_word' id='word_1_176' title='bbox 1308 2782 1427 2844; x_wconf 72' lang='lat' dir='ltr'>intecpre-</span> 
     </span>
     <span class='ocr_line' id='line_1_25' title="bbox 347 2849 1427 2922; baseline -0.004 -17"><span class='ocrx_word' id='word_1_177' title='bbox 347 2856 393 2905; x_wconf 86' lang='lat' dir='ltr'>tati</span> <span class='ocrx_word' id='word_1_178' title='bbox 410 2863 470 2905; x_wconf 90' lang='lat' dir='ltr'>sunt</span> <span class='ocrx_word' id='word_1_179' title='bbox 486 2853 520 2905; x_wconf 85' lang='lat' dir='ltr'>de</span> <span class='ocrx_word' id='word_1_180' title='bbox 537 2862 593 2906; x_wconf 84' lang='lat' dir='ltr'>artu</span> <span class='ocrx_word' id='word_1_181' title='bbox 613 2856 664 2918; x_wconf 84' lang='lat' dir='ltr'>via,</span> <span class='ocrx_word' id='word_1_182' title='bbox 679 2870 730 2921; x_wconf 90' lang='lat' dir='ltr'>qua</span> <span class='ocrx_word' id='word_1_183' title='bbox 750 2853 783 2904; x_wconf 88' lang='lat' dir='ltr'>ad</span> <span class='ocrx_word' id='word_1_184' title='bbox 800 2854 886 2906; x_wconf 85' lang='lat' dir='ltr'>llusm</span> <span class='ocrx_word' id='word_1_185' title='bbox 906 2857 991 2922; x_wconf 85' lang='lat' dir='ltr'>pectis</span> <span class='ocrx_word' id='word_1_186' title='bbox 1013 2854 1124 2906; x_wconf 84' lang='lat' dir='ltr'>eundum</span> <span class='ocrx_word' id='word_1_187' title='bbox 1137 2857 1198 2918; x_wconf 70' lang='lat' dir='ltr'>rit,</span> <span class='ocrx_word' id='word_1_188' title='bbox 1215 2862 1244 2904; x_wconf 86' lang='lat' dir='ltr'>ut</span> <span class='ocrx_word' id='word_1_189' title='bbox 1261 2853 1311 2918; x_wconf 86' lang='lat' dir='ltr'>ipsi</span> <span class='ocrx_word' id='word_1_190' title='bbox 1330 2849 1427 2916; x_wconf 55' lang='lat' dir='ltr'>ustio·</span> 
     </span>
     <span class='ocr_line' id='line_1_26' title="bbox 343 2921 1425 2992; baseline -0.005 -16"><span class='ocrx_word' id='word_1_191' title='bbox 343 2927 417 2992; x_wconf 79' lang='lat' dir='ltr'>qussi</span> <span class='ocrx_word' id='word_1_192' title='bbox 438 2924 594 2977; x_wconf 73' lang='lat' dir='ltr'>eentmbere</span> <span class='ocrx_word' id='word_1_193' title='bbox 616 2925 760 2992; x_wconf 72' lang='lat' dir='ltr'>cogltutur,</span> <span class='ocrx_word' id='word_1_194' title='bbox 789 2938 820 2974; x_wconf 86' lang='lat' dir='ltr'>ac</span> <span class='ocrx_word' id='word_1_195' title='bbox 847 2925 962 2976; x_wconf 87' lang='lat' dir='ltr'>nituntur</span> <span class='ocrx_word' id='word_1_196' title='bbox 984 2923 1023 2974; x_wconf 94' lang='lat' dir='ltr'>illi</span> <span class='ocrx_word' id='word_1_197' title='bbox 1053 2924 1156 2992; x_wconf 88' lang='lat' dir='ltr'>quidem</span> <span class='ocrx_word' id='word_1_198' title='bbox 1176 2927 1202 2975; x_wconf 89' lang='lat' dir='ltr'>in</span> <span class='ocrx_word' id='word_1_199' title='bbox 1229 2923 1357 2989; x_wconf 81' lang='lat' dir='ltr'>Propertii</span> <span class='ocrx_word' id='word_1_200' title='bbox 1375 2921 1425 2969; x_wconf 86' lang='lat' dir='ltr'>loen</span> 
     </span>
     <span class='ocr_line' id='line_1_27' title="bbox 343 2989 1426 3064; baseline -0.004 -18"><span class='ocrx_word' id='word_1_201' title='bbox 343 2995 390 3057; x_wconf 87' lang='grc' dir='ltr'>ΙΙΙ,</span> <span class='ocrx_word' id='word_1_202' title='bbox 411 2996 434 3055; x_wconf 84' lang='grc' dir='ltr'>Ι,</span> <span class='ocrx_word' id='word_1_203' title='bbox 456 2998 501 3047; x_wconf 82' lang='lat'>15:</span> <span class='ocrx_word' id='word_1_204' title='bbox 521 2995 595 3061; x_wconf 74' lang='lat' dir='ltr'>„Non</span> <span class='ocrx_word' id='word_1_205' title='bbox 613 2996 686 3046; x_wconf 86' lang='lat' dir='ltr'>datur</span> <span class='ocrx_word' id='word_1_206' title='bbox 704 2995 736 3046; x_wconf 90' lang='lat' dir='ltr'>ad</span> <span class='ocrx_word' id='word_1_207' title='bbox 754 2996 839 3047; x_wconf 87' lang='lat' dir='ltr'>blusas</span> <span class='ocrx_word' id='word_1_208' title='bbox 858 3011 964 3048; x_wconf 84' lang='lat' dir='ltr'>currere</span> <span class='ocrx_word' id='word_1_209' title='bbox 986 2994 1037 3046; x_wconf 91' lang='lat' dir='ltr'>lata</span> <span class='ocrx_word' id='word_1_210' title='bbox 1057 2997 1125 3046; x_wconf 55' lang='lat' dir='ltr'>ria!</span> <span class='ocrx_word' id='word_1_211' title='bbox 1144 3027 1175 3039; x_wconf 91' lang='lat'><em>-</em></span> <span class='ocrx_word' id='word_1_212' title='bbox 1210 2994 1354 3064; x_wconf 56' lang='lat' dir='ltr'>lepesin}</span> <span class='ocrx_word' id='word_1_213' title='bbox 1371 2989 1426 3042; x_wconf 73' lang='lat' dir='ltr'>ila·</span> 
     </span>
     <span class='ocr_line' id='line_1_28' title="bbox 344 3063 1425 3134; baseline -0.004 -18"><span class='ocrx_word' id='word_1_214' title='bbox 344 3067 361 3116; x_wconf 91' lang='lat' dir='ltr'>ii</span> <span class='ocrx_word' id='word_1_215' title='bbox 381 3067 469 3128; x_wconf 85' lang='lat' dir='ltr'>etiam,</span> <span class='ocrx_word' id='word_1_216' title='bbox 490 3067 594 3132; x_wconf 88' lang='lat' dir='ltr'>lnquit,</span> <span class='ocrx_word' id='word_1_217' title='bbox 624 3065 717 3134; x_wconf 87' lang='lat' dir='ltr'>qulbus</span> <span class='ocrx_word' id='word_1_218' title='bbox 743 3064 915 3133; x_wconf 68' lang='lat' dir='ltr'>perlongum</span> <span class='ocrx_word' id='word_1_219' title='bbox 935 3075 1035 3133; x_wconf 85' lang='lat' dir='ltr'>ternpus</span> <span class='ocrx_word' id='word_1_220' title='bbox 1055 3068 1081 3117; x_wconf 88' lang='lat' dir='ltr'>in</span> <span class='ocrx_word' id='word_1_221' title='bbox 1100 3066 1160 3117; x_wconf 90' lang='lat' dir='ltr'>loco</span> <span class='ocrx_word' id='word_1_222' title='bbox 1178 3065 1211 3116; x_wconf 87' lang='lat' dir='ltr'>ab</span> <span class='ocrx_word' id='word_1_223' title='bbox 1238 3066 1308 3116; x_wconf 87' lang='lat' dir='ltr'>omni</span> <span class='ocrx_word' id='word_1_224' title='bbox 1327 3063 1425 3127; x_wconf 79' lang='lat' dir='ltr'>strepitu</span> 
     </span>
     <span class='ocr_line' id='line_1_29' title="bbox 344 3135 1426 3203; baseline -0.002 -19"><span class='ocrx_word' id='word_1_225' title='bbox 344 3148 443 3199; x_wconf 85' lang='lat' dir='ltr'>vacuo,</span> <span class='ocrx_word' id='word_1_226' title='bbox 470 3143 497 3185; x_wconf 93' lang='lat' dir='ltr'>ut</span> <span class='ocrx_word' id='word_1_227' title='bbox 514 3144 574 3186; x_wconf 90' lang='lat' dir='ltr'>sunt</span> <span class='ocrx_word' id='word_1_228' title='bbox 590 3136 729 3199; x_wconf 79' lang='lat' dir='ltr'>Athenae,</span> <span class='ocrx_word' id='word_1_229' title='bbox 754 3136 847 3187; x_wconf 87' lang='lat' dir='ltr'>litteris</span> <span class='ocrx_word' id='word_1_230' title='bbox 868 3145 895 3189; x_wconf 92' lang='lat' dir='ltr'>et</span> <span class='ocrx_word' id='word_1_231' title='bbox 912 3137 985 3188; x_wconf 77' lang='lat' dir='ltr'>libris</span> <span class='ocrx_word' id='word_1_232' title='bbox 1004 3151 1108 3203; x_wconf 81' lang='lat' dir='ltr'>operam</span> <span class='ocrx_word' id='word_1_233' title='bbox 1127 3137 1189 3188; x_wconf 85' lang='lat' dir='ltr'>dere</span> <span class='ocrx_word' id='word_1_234' title='bbox 1208 3135 1300 3198; x_wconf 86' lang='lat' dir='ltr'>licuit,</span> <span class='ocrx_word' id='word_1_235' title='bbox 1329 3148 1361 3184; x_wconf 91' lang='lat' dir='ltr'>en</span> <span class='ocrx_word' id='word_1_236' title='bbox 1377 3143 1426 3182; x_wconf 79' lang='lat' dir='ltr'>rum</span> 
     </span>
     <span class='ocr_line' id='line_1_30' title="bbox 343 3201 1428 3277; baseline -0.004 -22"><span class='ocrx_word' id='word_1_237' title='bbox 343 3206 507 3272; x_wconf 86' lang='lat' dir='ltr'>perveniunt,</span> <span class='ocrx_word' id='word_1_238' title='bbox 529 3213 557 3255; x_wconf 91' lang='lat' dir='ltr'>ut</span> <span class='ocrx_word' id='word_1_239' title='bbox 576 3221 649 3271; x_wconf 85' lang='lat' dir='ltr'>spem</span> <span class='ocrx_word' id='word_1_240' title='bbox 667 3207 700 3257; x_wconf 91' lang='lat' dir='ltr'>de</span> <span class='ocrx_word' id='word_1_241' title='bbox 712 3222 743 3258; x_wconf 89' lang='lat' dir='ltr'>se</span> <span class='ocrx_word' id='word_1_242' title='bbox 760 3214 857 3258; x_wconf 86' lang='lat' dir='ltr'>motum</span> <span class='ocrx_word' id='word_1_243' title='bbox 874 3207 1004 3277; x_wconf 79' lang='lat' dir='ltr'>expleant,</span> <span class='ocrx_word' id='word_1_244' title='bbox 1021 3216 1110 3259; x_wconf 80' lang='lat' dir='ltr'>contm</span> <span class='ocrx_word' id='word_1_245' title='bbox 1127 3211 1190 3259; x_wconf 86' lang='lat' dir='ltr'>mira</span> <span class='ocrx_word' id='word_1_246' title='bbox 1202 3207 1376 3259; x_wconf 76' lang='lat' dir='ltr'>taciturnitate</span> <span class='ocrx_word' id='word_1_247' title='bbox 1387 3201 1428 3252; x_wconf 87' lang='lat' dir='ltr'>ab·</span> 
     </span>
     <span class='ocr_line' id='line_1_31' title="bbox 343 3273 1426 3349; baseline 0.001 -23"><span class='ocrx_word' id='word_1_248' title='bbox 343 3277 425 3341; x_wconf 84' lang='lat' dir='ltr'>sorpti</span> <span class='ocrx_word' id='word_1_249' title='bbox 444 3276 469 3324; x_wconf 91' lang='lat' dir='ltr'>in</span> <span class='ocrx_word' id='word_1_250' title='bbox 490 3273 622 3341; x_wconf 84' lang='lat' dir='ltr'>publicum</span> <span class='ocrx_word' id='word_1_251' title='bbox 641 3276 753 3343; x_wconf 87' lang='lat' dir='ltr'>produnt</span> <span class='ocrx_word' id='word_1_252' title='bbox 773 3285 799 3328; x_wconf 86' lang='lat' dir='ltr'>st</span> <span class='ocrx_word' id='word_1_253' title='bbox 816 3278 895 3329; x_wconf 86' lang='lat' dir='ltr'>risum</span> <span class='ocrx_word' id='word_1_254' title='bbox 917 3280 1031 3332; x_wconf 80' lang='lat' dir='ltr'>excitant</span> <span class='ocrx_word' id='word_1_255' title='bbox 1048 3279 1155 3345; x_wconf 86' lang='lat' dir='ltr'>populo.</span> <span class='ocrx_word' id='word_1_256' title='bbox 1176 3309 1206 3320; x_wconf 90' lang='lat'><em>-</em></span> <span class='ocrx_word' id='word_1_257' title='bbox 1227 3278 1310 3349; x_wconf 61' lang='lat' dir='ltr'>eumq</span> <span class='ocrx_word' id='word_1_258' title='bbox 1325 3274 1426 3327; x_wconf 68' lang='lat' dir='ltr'>medii!-</span> 
     </span>
     <span class='ocr_line' id='line_1_32' title="bbox 343 3344 780 3410; baseline 0.005 -12"><span class='ocrx_word' id='word_1_259' title='bbox 343 3347 423 3402; x_wconf 85' lang='lat' dir='ltr'>tione.</span> <span class='ocrx_word' id='word_1_260' title='bbox 460 3344 514 3396; x_wconf 85' lang='lat' dir='ltr'>Cic.</span> <span class='ocrx_word' id='word_1_261' title='bbox 531 3344 606 3396; x_wconf 84' lang='lat' dir='ltr'>Tuae.</span> <span class='ocrx_word' id='word_1_262' title='bbox 627 3346 656 3410; x_wconf 83' lang='lat' dir='ltr'>l,</span> <span class='ocrx_word' id='word_1_263' title='bbox 675 3347 720 3410; x_wconf 78' lang='lat' dir='ltr'>tt,</span> <span class='ocrx_word' id='word_1_264' title='bbox 736 3348 780 3400; x_wconf 81' lang='lat'>69.</span> 
     </span>
    </p>
   </div>
   <div class='ocr_carea' id='block_1_6' title="bbox 277 3440 1475 3865">
    <p class='ocr_par' dir='ltr' id='par_1_10' title="bbox 277 3440 1475 3865">
     <span class='ocr_line' id='line_1_33' title="bbox 432 3440 1428 3513; baseline -0.001 -23"><span class='ocrx_word' id='word_1_265' title='bbox 432 3441 463 3490; x_wconf 84' lang='lat' dir='ltr'>V.</span> <span class='ocrx_word' id='word_1_266' title='bbox 481 3441 526 3494; x_wconf 88' lang='grc'>87.</span> <span class='ocrx_word' id='word_1_267' title='bbox 568 3440 661 3493; x_wconf 76' lang='lat' dir='ltr'>Frater</span> <span class='ocrx_word' id='word_1_268' title='bbox 678 3447 747 3513; x_wconf 77' lang='lat' dir='ltr'>erat]</span> <span class='ocrx_word' id='word_1_269' title='bbox 779 3443 832 3495; x_wconf 83' lang='lat' dir='ltr'>lan</span> <span class='ocrx_word' id='word_1_270' title='bbox 851 3446 942 3497; x_wconf 82' lang='lat' dir='ltr'>transit</span> <span class='ocrx_word' id='word_1_271' title='bbox 961 3443 993 3494; x_wconf 89' lang='lat' dir='ltr'>sd</span> <span class='ocrx_word' id='word_1_272' title='bbox 1008 3441 1129 3494; x_wconf 86' lang='lat' dir='ltr'>molestas</span> <span class='ocrx_word' id='word_1_273' title='bbox 1151 3442 1284 3493; x_wconf 83' lang='lat' dir='ltr'>bominum</span> <span class='ocrx_word' id='word_1_274' title='bbox 1303 3442 1428 3492; x_wconf 73' lang='lat' dir='ltr'>docterm</span> 
     </span>
     <span class='ocr_line' id='line_1_34' title="bbox 277 3510 1428 3580; baseline -0.002 -18"><span class='ocrx_word' id='word_1_275' title='bbox 277 3519 282 3524; x_wconf 88' lang='lat'>&#39;</span> <span class='ocrx_word' id='word_1_276' title='bbox 343 3520 444 3563; x_wconf 88' lang='lat' dir='ltr'>mutuae</span> <span class='ocrx_word' id='word_1_277' title='bbox 464 3510 636 3577; x_wconf 78' lang='lat' dir='ltr'>laudationes,</span> <span class='ocrx_word' id='word_1_278' title='bbox 654 3527 722 3580; x_wconf 85' lang='lat' dir='ltr'>quae</span> <span class='ocrx_word' id='word_1_279' title='bbox 742 3522 839 3565; x_wconf 83' lang='lat' dir='ltr'>tautum</span> <span class='ocrx_word' id='word_1_280' title='bbox 857 3515 931 3567; x_wconf 85' lang='lat' dir='ltr'>abest</span> <span class='ocrx_word' id='word_1_281' title='bbox 948 3524 976 3566; x_wconf 86' lang='lat' dir='ltr'>ut</span> <span class='ocrx_word' id='word_1_282' title='bbox 994 3513 1117 3578; x_wconf 79' lang='lat' dir='ltr'>alliciant,</span> <span class='ocrx_word' id='word_1_283' title='bbox 1136 3521 1164 3564; x_wconf 89' lang='lat' dir='ltr'>ut</span> <span class='ocrx_word' id='word_1_284' title='bbox 1181 3513 1332 3564; x_wconf 82' lang='lat' dir='ltr'>deterreant</span> <span class='ocrx_word' id='word_1_285' title='bbox 1344 3510 1428 3562; x_wconf 86' lang='lat' dir='ltr'>ascri·</span> 
     </span>
     <span class='ocr_line' id='line_1_35' title="bbox 342 3581 1428 3655; baseline -0.001 -23"><span class='ocrx_word' id='word_1_286' title='bbox 342 3581 428 3632; x_wconf 83' lang='lat' dir='ltr'>bondo</span> <span class='ocrx_word' id='word_1_287' title='bbox 448 3598 508 3634; x_wconf 88' lang='lat' dir='ltr'>eum</span> <span class='ocrx_word' id='word_1_288' title='bbox 524 3585 567 3650; x_wconf 90' lang='lat' dir='ltr'>qni</span> <span class='ocrx_word' id='word_1_289' title='bbox 585 3591 659 3635; x_wconf 86' lang='lat' dir='ltr'>recte</span> <span class='ocrx_word' id='word_1_290' title='bbox 676 3583 791 3636; x_wconf 80' lang='lat' dir='ltr'>scribere</span> <span class='ocrx_word' id='word_1_291' title='bbox 807 3585 880 3637; x_wconf 90' lang='lat' dir='ltr'>malit</span> <span class='ocrx_word' id='word_1_292' title='bbox 897 3600 972 3655; x_wconf 85' lang='lat' dir='ltr'>qnam</span> <span class='ocrx_word' id='word_1_293' title='bbox 983 3584 1085 3635; x_wconf 84' lang='lat' dir='ltr'>laudem</span> <span class='ocrx_word' id='word_1_294' title='bbox 1103 3584 1152 3635; x_wconf 82' lang='lat' dir='ltr'>siti</span> <span class='ocrx_word' id='word_1_295' title='bbox 1171 3582 1301 3650; x_wconf 80' lang='lat' dir='ltr'>colligere</span> <span class='ocrx_word' id='word_1_296' title='bbox 1319 3584 1428 3634; x_wconf 78' lang='lat' dir='ltr'>aliorum.</span> 
     </span>
     <span class='ocr_line' id='line_1_36' title="bbox 343 3653 1429 3721; baseline -0.002 -16"><span class='ocrx_word' id='word_1_297' title='bbox 343 3653 396 3705; x_wconf 79' lang='lat' dir='ltr'>eso</span> <span class='ocrx_word' id='word_1_298' title='bbox 413 3662 499 3705; x_wconf 86' lang='lat' dir='ltr'>autem</span> <span class='ocrx_word' id='word_1_299' title='bbox 520 3669 592 3705; x_wconf 84' lang='lat' dir='ltr'>more</span> <span class='ocrx_word' id='word_1_300' title='bbox 610 3653 696 3706; x_wconf 89' lang='lat' dir='ltr'>subito</span> <span class='ocrx_word' id='word_1_301' title='bbox 716 3654 748 3705; x_wconf 86' lang='lat' dir='ltr'>ad</span> <span class='ocrx_word' id='word_1_302' title='bbox 767 3671 824 3705; x_wconf 69' lang='lat' dir='ltr'>mm</span> <span class='ocrx_word' id='word_1_303' title='bbox 846 3671 901 3707; x_wconf 87' lang='lat' dir='ltr'>rem</span> <span class='ocrx_word' id='word_1_304' title='bbox 930 3657 1020 3707; x_wconf 70' lang='lat' dir='ltr'>mansit</span> <span class='ocrx_word' id='word_1_305' title='bbox 1045 3654 1165 3721; x_wconf 82' lang='lat' dir='ltr'>exemplo</span> <span class='ocrx_word' id='word_1_306' title='bbox 1190 3654 1301 3705; x_wconf 80' lang='lat' dir='ltr'>duorum</span> <span class='ocrx_word' id='word_1_307' title='bbox 1334 3655 1429 3705; x_wconf 79' lang='lat' dir='ltr'>fnuun</span> 
     </span>
     <span class='ocr_line' id='line_1_37' title="bbox 344 3717 1429 3794; baseline -0.006 -21"><span class='ocrx_word' id='word_1_308' title='bbox 344 3725 479 3790; x_wconf 87' lang='lat' dir='ltr'>proposito</span> <span class='ocrx_word' id='word_1_309' title='bbox 498 3723 620 3776; x_wconf 75' lang='lat' dir='ltr'>Romanis</span> <span class='ocrx_word' id='word_1_310' title='bbox 641 3724 708 3775; x_wconf 87' lang='lat' dir='ltr'>baud</span> <span class='ocrx_word' id='word_1_311' title='bbox 728 3724 806 3776; x_wconf 85' lang='lat' dir='ltr'>dubie</span> <span class='ocrx_word' id='word_1_312' title='bbox 824 3729 887 3777; x_wconf 87' lang='lat' dir='ltr'>satis</span> <span class='ocrx_word' id='word_1_313' title='bbox 906 3729 1020 3793; x_wconf 74' lang='lat' dir='ltr'>cognito.</span> <span class='ocrx_word' id='word_1_314' title='bbox 1062 3756 1096 3767; x_wconf 90' lang='lat'><em>-</em></span> <span class='ocrx_word' id='word_1_315' title='bbox 1129 3742 1214 3776; x_wconf 83' lang='lat' dir='ltr'>meros</span> <span class='ocrx_word' id='word_1_316' title='bbox 1230 3725 1353 3794; x_wconf 82' lang='lat' dir='ltr'>bonores]</span> <span class='ocrx_word' id='word_1_317' title='bbox 1373 3717 1429 3773; x_wconf 80' lang='lat' dir='ltr'>nibil</span> 
     </span>
     <span class='ocr_line' id='line_1_38' title="bbox 344 3794 1475 3865; baseline -0.001 -21"><span class='ocrx_word' id='word_1_318' title='bbox 344 3794 394 3844; x_wconf 85' lang='lat' dir='ltr'>nisi</span> <span class='ocrx_word' id='word_1_319' title='bbox 413 3794 534 3857; x_wconf 80' lang='lat' dir='ltr'>honores,</span> <span class='ocrx_word' id='word_1_320' title='bbox 556 3794 646 3846; x_wconf 86' lang='lat' dir='ltr'>laudes</span> <span class='ocrx_word' id='word_1_321' title='bbox 662 3794 887 3865; x_wconf 79' lang='lat' dir='ltr'>(Gomplinseutn).</span> <span class='ocrx_word' id='word_1_322' title='bbox 907 3825 940 3840; x_wconf 88' lang='lat'>·-</span> <span class='ocrx_word' id='word_1_323' title='bbox 960 3797 1103 3859; x_wconf 65' lang='lat' dir='ltr'>eruetur</span> <span class='ocrx_word' id='word_1_324' title='bbox 1121 3795 1180 3848; x_wconf 84' lang='lat' dir='ltr'>lloli</span> <span class='ocrx_word' id='word_1_325' title='bbox 1201 3810 1339 3862; x_wconf 82' lang='lat' dir='ltr'>quaerere,</span> <span class='ocrx_word' id='word_1_326' title='bbox 1353 3802 1431 3844; x_wconf 74' lang='lat' dir='ltr'>utrum</span> <span class='ocrx_word' id='word_1_327' title='bbox 1468 3813 1475 3829; x_wconf 94' lang='lat'><strong>·</strong></span> 
     </span>
    </p>
   </div>
   <div class='ocr_carea' id='block_1_7' title="bbox 343 3861 1515 3933">
    <p class='ocr_par' dir='ltr' id='par_1_11' title="bbox 343 3861 1515 3933">
     <span class='ocr_line' id='line_1_39' title="bbox 343 3861 1515 3933; baseline -0.007 -15"><span class='ocrx_word' id='word_1_328' title='bbox 343 3863 434 3918; x_wconf 79' lang='lat' dir='ltr'>Gaium</span> <span class='ocrx_word' id='word_1_329' title='bbox 453 3863 640 3932; x_wconf 75' lang='lat' dir='ltr'>significaverit</span> <span class='ocrx_word' id='word_1_330' title='bbox 650 3865 793 3917; x_wconf 84' lang='lat' dir='ltr'>Gracchum</span> <span class='ocrx_word' id='word_1_331' title='bbox 811 3882 843 3918; x_wconf 83' lang='lat' dir='ltr'>un</span> <span class='ocrx_word' id='word_1_332' title='bbox 856 3867 999 3929; x_wconf 78' lang='lat' dir='ltr'>Tiberiom3</span> <span class='ocrx_word' id='word_1_333' title='bbox 1017 3876 1126 3933; x_wconf 87' lang='lat' dir='ltr'>uterque</span> <span class='ocrx_word' id='word_1_334' title='bbox 1146 3882 1255 3933; x_wconf 76' lang='lat' dir='ltr'>magnus</span> <span class='ocrx_word' id='word_1_335' title='bbox 1266 3875 1363 3916; x_wconf 85' lang='lat' dir='ltr'>orator.</span> <span class='ocrx_word' id='word_1_336' title='bbox 1380 3861 1430 3914; x_wconf 82' lang='lat' dir='ltr'>don</span> <span class='ocrx_word' id='word_1_337' title='bbox 1514 3905 1515 3908; x_wconf 74' lang='grc'>,</span> 
     </span>
    </p>
   </div>
   <div class='ocr_carea' id='block_1_8' title="bbox 341 3934 1430 4428">
    <p class='ocr_par' dir='ltr' id='par_1_12' title="bbox 341 3934 1430 4428">
     <span class='ocr_line' id='line_1_40' title="bbox 343 3934 1430 4003; baseline -0.003 -17"><span class='ocrx_word' id='word_1_338' title='bbox 343 3937 426 4001; x_wconf 74' lang='lat' dir='ltr'>magis</span> <span class='ocrx_word' id='word_1_339' title='bbox 450 3945 491 3987; x_wconf 87' lang='lat' dir='ltr'>est</span> <span class='ocrx_word' id='word_1_340' title='bbox 516 3936 706 4003; x_wconf 82' lang='lat' dir='ltr'>quaerendum,</span> <span class='ocrx_word' id='word_1_341' title='bbox 737 3952 814 4003; x_wconf 89' lang='lat' dir='ltr'>quem</span> <span class='ocrx_word' id='word_1_342' title='bbox 836 3938 946 3990; x_wconf 88' lang='lat' dir='ltr'>blucium</span> <span class='ocrx_word' id='word_1_343' title='bbox 965 3936 1055 3989; x_wconf 86' lang='lat' dir='ltr'>videre</span> <span class='ocrx_word' id='word_1_344' title='bbox 1076 3937 1228 3988; x_wconf 74' lang='lat' dir='ltr'>debeamus:</span> <span class='ocrx_word' id='word_1_345' title='bbox 1270 3937 1350 3988; x_wconf 83' lang='lat' dir='ltr'>idacii</span> <span class='ocrx_word' id='word_1_346' title='bbox 1370 3934 1430 3985; x_wconf 74' lang='lat' dir='ltr'>esi·</span> 
     </span>
     <span class='ocr_line' id='line_1_41' title="bbox 343 4004 1430 4080; baseline 0.003 -25"><span class='ocrx_word' id='word_1_347' title='bbox 343 4004 432 4071; x_wconf 87' lang='lat' dir='ltr'>plures</span> <span class='ocrx_word' id='word_1_348' title='bbox 453 4007 517 4057; x_wconf 86' lang='lat' dir='ltr'>iuris</span> <span class='ocrx_word' id='word_1_349' title='bbox 537 4007 647 4058; x_wconf 86' lang='lat' dir='ltr'>scientia</span> <span class='ocrx_word' id='word_1_350' title='bbox 667 4006 885 4074; x_wconf 72' lang='lat' dir='ltr'>iuereinsignes.</span> <span class='ocrx_word' id='word_1_351' title='bbox 921 4040 957 4051; x_wconf 90' lang='lat'><em>-</em></span> <span class='ocrx_word' id='word_1_352' title='bbox 992 4010 1107 4080; x_wconf 73' lang='lat' dir='ltr'>sequtus}</span> <span class='ocrx_word' id='word_1_353' title='bbox 1126 4007 1209 4058; x_wconf 78' lang='lat' dir='ltr'>Germ.</span> <span class='ocrx_word' id='word_1_354' title='bbox 1229 4008 1274 4068; x_wconf 80' lang='lat' dir='ltr'>lv,</span> <span class='ocrx_word' id='word_1_355' title='bbox 1292 4007 1320 4068; x_wconf 83' lang='grc'>6,</span> <span class='ocrx_word' id='word_1_356' title='bbox 1342 4007 1383 4058; x_wconf 75' lang='lat'>25.</span> <span class='ocrx_word' id='word_1_357' title='bbox 1401 4030 1430 4043; x_wconf 92' lang='lat'><em>-</em></span> 
     </span>
     <span class='ocr_line' id='line_1_42' title="bbox 341 4074 1430 4146; baseline -0.003 -20"><span class='ocrx_word' id='word_1_358' title='bbox 341 4074 463 4127; x_wconf 75' lang='lat' dir='ltr'>mirabile</span> <span class='ocrx_word' id='word_1_359' title='bbox 481 4078 548 4146; x_wconf 78' lang='grc' dir='ltr'>οιίιι]</span> <span class='ocrx_word' id='word_1_360' title='bbox 576 4076 625 4128; x_wconf 76' lang='lat' dir='ltr'>libi</span> <span class='ocrx_word' id='word_1_361' title='bbox 645 4078 753 4144; x_wconf 87' lang='lat' dir='ltr'>primum</span> <span class='ocrx_word' id='word_1_362' title='bbox 772 4081 959 4143; x_wconf 82' lang='lat' dir='ltr'>convenimus,</span> <span class='ocrx_word' id='word_1_363' title='bbox 981 4078 1030 4129; x_wconf 90' lang='lat' dir='ltr'>bac</span> <span class='ocrx_word' id='word_1_364' title='bbox 1048 4080 1115 4129; x_wconf 90' lang='lat' dir='ltr'>inter</span> <span class='ocrx_word' id='word_1_365' title='bbox 1132 4094 1179 4130; x_wconf 89' lang='lat' dir='ltr'>nos</span> <span class='ocrx_word' id='word_1_366' title='bbox 1201 4078 1278 4129; x_wconf 86' lang='lat' dir='ltr'>laude</span> <span class='ocrx_word' id='word_1_367' title='bbox 1301 4075 1430 4144; x_wconf 83' lang='lat' dir='ltr'>praedicn-</span> 
     </span>
     <span class='ocr_line' id='line_1_43' title="bbox 342 4146 1430 4216; baseline -0.003 -19"><span class='ocrx_word' id='word_1_368' title='bbox 342 4162 399 4197; x_wconf 86' lang='lat' dir='ltr'>mus</span> <span class='ocrx_word' id='word_1_369' title='bbox 418 4146 576 4214; x_wconf 84' lang='lat' dir='ltr'>superbique</span> <span class='ocrx_word' id='word_1_370' title='bbox 592 4148 737 4198; x_wconf 86' lang='lat' dir='ltr'>incedimus</span> <span class='ocrx_word' id='word_1_371' title='bbox 758 4150 1057 4216; x_wconf 77' lang='lat' dir='ltr'>circumspecmmusque</span> <span class='ocrx_word' id='word_1_372' title='bbox 1075 4148 1164 4199; x_wconf 83' lang='lat' dir='ltr'>aedem</span> <span class='ocrx_word' id='word_1_373' title='bbox 1180 4148 1314 4216; x_wconf 74' lang='lat' dir='ltr'>Apollinis</span> <span class='ocrx_word' id='word_1_374' title='bbox 1332 4156 1358 4197; x_wconf 87' lang='lat' dir='ltr'>et</span> <span class='ocrx_word' id='word_1_375' title='bbox 1373 4155 1430 4213; x_wconf 79' lang='lat' dir='ltr'>quat</span> 
     </span>
     <span class='ocr_line' id='line_1_44' title="bbox 342 4214 1430 4288; baseline -0.003 -22"><span class='ocrx_word' id='word_1_376' title='bbox 342 4215 379 4266; x_wconf 85' lang='lat' dir='ltr'>ibi</span> <span class='ocrx_word' id='word_1_377' title='bbox 398 4223 440 4267; x_wconf 89' lang='lat' dir='ltr'>est</span> <span class='ocrx_word' id='word_1_378' title='bbox 457 4215 657 4281; x_wconf 82' lang='lat' dir='ltr'>bibliothecam,</span> <span class='ocrx_word' id='word_1_379' title='bbox 677 4227 812 4284; x_wconf 84' lang='lat' dir='ltr'>sperantes</span> <span class='ocrx_word' id='word_1_380' title='bbox 837 4222 927 4288; x_wconf 88' lang='lat' dir='ltr'>utique</span> <span class='ocrx_word' id='word_1_381' title='bbox 944 4228 1048 4272; x_wconf 68' lang='lat' dir='ltr'>nosnos</span> <span class='ocrx_word' id='word_1_382' title='bbox 1068 4219 1148 4270; x_wconf 86' lang='lat' dir='ltr'>libros</span> <span class='ocrx_word' id='word_1_383' title='bbox 1168 4229 1312 4287; x_wconf 84' lang='lat' dir='ltr'>nostraque</span> <span class='ocrx_word' id='word_1_384' title='bbox 1330 4214 1430 4269; x_wconf 82' lang='lat' dir='ltr'>sintela-</span> 
     </span>
     <span class='ocr_line' id='line_1_45' title="bbox 343 4285 1430 4360; baseline 0.001 -24"><span class='ocrx_word' id='word_1_385' title='bbox 343 4301 387 4336; x_wconf 84' lang='lat' dir='ltr'>crs</span> <span class='ocrx_word' id='word_1_386' title='bbox 406 4286 468 4338; x_wconf 85' lang='lat' dir='ltr'>elim</span> <span class='ocrx_word' id='word_1_387' title='bbox 487 4286 551 4338; x_wconf 87' lang='lat' dir='ltr'>illuc</span> <span class='ocrx_word' id='word_1_388' title='bbox 567 4288 680 4339; x_wconf 84' lang='lat' dir='ltr'>delatum</span> <span class='ocrx_word' id='word_1_389' title='bbox 699 4289 738 4338; x_wconf 88' lang='lat' dir='ltr'>iri.</span> <span class='ocrx_word' id='word_1_390' title='bbox 769 4319 801 4330; x_wconf 92' lang='lat'><em>-</em></span> <span class='ocrx_word' id='word_1_391' title='bbox 835 4291 1083 4360; x_wconf 76' lang='lat' dir='ltr'>circumspectemus}</span> <span class='ocrx_word' id='word_1_392' title='bbox 1104 4290 1163 4341; x_wconf 84' lang='lat' dir='ltr'>vide</span> <span class='ocrx_word' id='word_1_393' title='bbox 1183 4291 1215 4341; x_wconf 82' lang='lat' dir='ltr'>nd</span> <span class='ocrx_word' id='word_1_394' title='bbox 1235 4292 1288 4342; x_wconf 84' lang='lat' dir='ltr'>Sat.</span> <span class='ocrx_word' id='word_1_395' title='bbox 1309 4291 1329 4352; x_wconf 92' lang='grc' dir='ltr'>Ι,</span> <span class='ocrx_word' id='word_1_396' title='bbox 1347 4289 1374 4348; x_wconf 81' lang='lat'>2,</span> <span class='ocrx_word' id='word_1_397' title='bbox 1392 4285 1430 4337; x_wconf 64' lang='lat' dir='ltr'>bb</span> 
     </span>
     <span class='ocr_line' id='line_1_46' title="bbox 346 4357 1430 4428; baseline 0.001 -21"><span class='ocrx_word' id='word_1_398' title='bbox 346 4385 377 4398; x_wconf 87' lang='lat'>-·</span> <span class='ocrx_word' id='word_1_399' title='bbox 399 4358 542 4427; x_wconf 61' lang='lat' dir='ltr'>medinm}</span> <span class='ocrx_word' id='word_1_400' title='bbox 563 4361 658 4411; x_wconf 86' lang='lat' dir='ltr'>mutuis</span> <span class='ocrx_word' id='word_1_401' title='bbox 676 4357 933 4414; x_wconf 76' lang='lat' dir='ltr'>laudibuscertunrus</span> <span class='ocrx_word' id='word_1_402' title='bbox 951 4371 981 4412; x_wconf 92' lang='lat' dir='ltr'>ut</span> <span class='ocrx_word' id='word_1_403' title='bbox 997 4361 1168 4428; x_wconf 75' lang='lat' dir='ltr'>gladiatorum</span> <span class='ocrx_word' id='word_1_404' title='bbox 1184 4363 1363 4420; x_wconf 64' lang='lat' dir='ltr'>{Sasostreon</span> <span class='ocrx_word' id='word_1_405' title='bbox 1382 4358 1430 4408; x_wconf 81' lang='lat' dir='ltr'>ltr-</span> 
     </span>
    </p>
   </div>
   <div class='ocr_carea' id='block_1_9' title="bbox 345 4423 1432 4501">
    <p class='ocr_par' dir='ltr' id='par_1_13' title="bbox 345 4423 1432 4501">
     <span class='ocr_line' id='line_1_47' title="bbox 345 4423 1432 4501; baseline 0.003 -26"><span class='ocrx_word' id='word_1_406' title='bbox 345 4423 391 4487; x_wconf 68' lang='lat' dir='ltr'>tx,</span> <span class='ocrx_word' id='word_1_407' title='bbox 410 4425 457 4489; x_wconf 77' lang='lat' dir='ltr'>bb,</span> <span class='ocrx_word' id='word_1_408' title='bbox 480 4426 526 4494; x_wconf 85' lang='grc'>17)</span> <span class='ocrx_word' id='word_1_409' title='bbox 552 4441 599 4495; x_wconf 83' lang='lat' dir='ltr'>par</span> <span class='ocrx_word' id='word_1_410' title='bbox 615 4430 642 4480; x_wconf 88' lang='lat' dir='ltr'>in</span> <span class='ocrx_word' id='word_1_411' title='bbox 659 4429 745 4496; x_wconf 87' lang='lat' dir='ltr'>epulis</span> <span class='ocrx_word' id='word_1_412' title='bbox 763 4430 871 4483; x_wconf 71' lang='lat' dir='ltr'>divitum</span> <span class='ocrx_word' id='word_1_413' title='bbox 890 4431 1031 4484; x_wconf 87' lang='lat' dir='ltr'>bominum.</span> <span class='ocrx_word' id='word_1_414' title='bbox 1053 4463 1083 4476; x_wconf 89' lang='lat'>-</span> <span class='ocrx_word' id='word_1_415' title='bbox 1104 4433 1140 4484; x_wconf 80' lang='lat' dir='ltr'>ad</span> <span class='ocrx_word' id='word_1_416' title='bbox 1157 4431 1257 4484; x_wconf 60' lang='lat' dir='ltr'>umisa</span> <span class='ocrx_word' id='word_1_417' title='bbox 1271 4434 1432 4501; x_wconf 64' lang='lat' dir='ltr'>primatus-</span> 
     </span>
    </p>
   </div>
   <div class='ocr_carea' id='block_1_10' title="bbox 0 0 1571 5042">
    <p class='ocr_par' dir='ltr' id='par_1_14' title="bbox 0 0 1571 5042">
     <span class='ocr_line' id='line_1_48' title="bbox 0 0 1571 5042; baseline 0 0"><span class='ocrx_word' id='word_1_418' title='bbox 0 0 1571 5042; x_wconf 95' lang='lat' dir='ltr'> </span> 
     </span>
    </p>
   </div>
  </div>
 </body>
</html>
