3117 5042
713 383 987 453 cuatuuun
1090 357 1135 382 ‘ff

555 565 701 630 Matrona
724 568 870 634 bellatis
891 570 1017 646 tyrauui

595 675 790 757 Prospicieus
812 682 843 738 et
865 677 972 741 adulta
995 678 1086 761 virgo

513 831 672 914 suspiret,
692 833 787 912 cleu,
808 854 849 897 ue
867 835 953 898 nudis
975 835 1132 918 agminum
1211 881 1214 890 ·

467 956 497 1001 to
516 939 656 1021 Sponsus
677 940 814 1008 lacessat
833 944 939 1023 regius
961 962 1105 1026 asperum

557 1048 659 1112 'l’aotu
680 1049 817 1126 tuanen,
837 1068 925 1133 quem
938 1033 1075 1117 ‘macuta

597 1156 795 1220 Per‘mcdias
821 1159 904 1241 rapit
924 1159 973 1222 ira
994 1159 1116 1222 caedes.

515 1306 611 1370 uuae
631 1313 662 1369 et
683 1308 826 1376 decom
847 1315 895 1372 ast
916 1328 972 1391 pro
993 1310 1097 1391 patria
1117 1311 1220 1374 mori:

515 1413 602 1477 Mors
623 1421 656 1477 et
679 1416 821 1498 fugacem
844 1418 1040 1500 persequitur
1062 1418 1160 1482 virum
1218 1455 1223 1466 ·

459 1538 486 1583 ts
550 1522 614 1586 Nec
636 1522 737 1604 parcit
758 1523 892 1606 imbellis
910 1524 1056 1589 iuventae

597 1628 771 1712 Poplitiltus
795 1631 961 1716 timidoque
984 1639 1087 1716 tergo.
1128 1647 1133 1653 ·

517 1780 624 1845 Virtus
640 1782 787 1863 repulsae
807 1782 912 1847 nescia
929 1782 1076 1847 sordidae

516 1889 711 1953 intaminatis
732 1890 834 1973 fulget
855 1889 1044 1954 honoribus

519 2045 523 2050 .
555 1998 621 2061 Noc
638 1998 733 2064 sunit
753 2005 809 2063 aut
831 1999 919 2081 pouit
939 2017 1063 2064 secures

463 2121 494 2167 oo
598 2104 741 2177 Arbitrio
758 2108 919 2191 poptdaris
941 2127 1047 2174 aurae.

522 2257 630 2322 Virtus
650 2259 813 2326 recludens
828 2259 993 2324 ,mmeritis
1014 2258 1093 2324 mori

466 2389 473 2412 τ
516 2364 642 2429 Caelum
663 2373 779 2449 negata
802 2374 903 2431 tentat
924 2367 985 2432 iter
1002 2370 1060 2432 *vta

558 2473 730 2559 coetuque
752 2476 901 2560 vulgares
926 2483 957 2540 ct
975 2475 1068 2542 udam

286 2633 288 2638 ’
318 2627 405 2680 culum
423 2626 488 2679 belli
509 2629 583 2698 quasi
599 2631 771 2696 spectantium
789 2630 909 2682 blandius
928 2630 1017 2683 dcbuit
1037 2630 1153 2686 allicere.
1194 2626 1359 2700 Gau-iaso,
1372 2630 1421 2678 ta·

318 2698 380 2750 hula
400 2698 433 2750 ad
454 2699 599 2767 exemplum
618 2701 736 2753 Troiaea
749 2702 854 2754 Graecis
867 2710 1033 2769 oppugnatae
1052 2702 1139 2767 (ilum.
1150 2697 1180 2752 ll.
1192 2698 1239 2763 lli,
1250 2699 1312 2766 154)
1325 2712 1423 2765 prope

320 2785 459 2836 expressa;
478 2771 571 2821 efficax
588 2774 772 2838 suspirantium
782 2773 918 2824 mulierum
928 2772 1068 2839 descriptio
1079 2773 1111 2822 ad
1127 2771 1283 2822 incitandam
1297 2769 1424 2822 ramula-

321 2842 427 2894 tionem.
439 2873 470 2884 -
481 2842 595 2914 hosticis]
608 2841 755 2907 hostilibus,
770 2846 874 2910 poetica
882 2844 972 2908 forma,
982 2852 1010 2895 ut
1021 2844 1130 2908 civicus,
1148 2843 1276 2909 gentious.
1284 2870 1318 2881 -
1328 2841 1423 2908 mpt-

271 2913 274 2918 ’
320 2917 372 3034 req
395 2910 434 2963 Et
450 2913 476 2964 iu
494 2913 638 2978 suspirandi
661 2914 743 2966 verbo
767 2923 794 2966 et
817 2915 844 2966 in
866 2913 993 2981 particula
1019 2914 1084 2965 elea
1097 2912 1227 2964 metuendi
1250 2913 1320 2963 notio
1340 2910 1424 2974 inest,

320 2999 354 3034 uu
374 3000 389 3034 e
409 2985 549 3054 insequens
568 2987 696 3037 sententia
715 3002 748 3037 ue
766 2985 909 3053 particulae
927 3001 978 3051 ope
994 2984 1126 3037 adhaeret.
1154 2982 1328 3044 ci.Gar1u.l,
1347 2983 1374 3042 2,
1395 2983 1423 3034 5.

321 3085 355 3096 -
382 3053 522 3126 uminum]
548 3057 680 3122 pugnandi
697 3058 765 3108 iuter
785 3059 864 3110 acies.
909 3057 1021 3123 Agmina
1039 3057 1107 3109 euim
1127 3053 1305 3136 apud3poetas
1325 3051 1424 3104 talium

264 3143 267 3150 ’
320 3140 405 3175 rerum
425 3139 477 3175 nou
495 3126 586 3177 anxim
606 3129 710 3178 omuino
728 3130 869 3179 exercitum
888 3143 968 3193 saepe
977 3127 1124 3196 significant
1134 3134 1160 3176 et
1170 3141 1263 3180 acrem.
1281 3123 1316 3186 cl.
1328 3123 1420 3178 Germ.

317 3194 367 3258 ill,
384 3196 411 3258 8,
437 3194 477 3246 18.
499 3194 542 3257 lV,
564 3196 605 3260 14„
621 3196 665 3248 29.
686 3198 769 3264 Epod.
789 3199 832 3263 17,
852 3197 877 3249 9.
897 3201 949 3252 Sat
969 3197 1002 3262 li,
1024 3200 1048 3262 i,
1060 3195 1102 3249 14.
1129 3196 1248 3263 iniquum
1267 3195 1300 3246 de
1317 3194 1424 3246 verbo-

321 3280 377 3315 rutn
390 3272 509 3316 etrerum
528 3268 554 3316 in
572 3266 621 3316 hac
637 3270 750 3334 imagine
768 3270 859 3328 ordine
877 3270 1000 3320 iudicium
1018 3266 1229 3335 estlilopstockii
1247 3266 1424 3333 „uterspra-

321 3336 370 3387 che
389 3335 442 3387 und
459 3335 630 3400 Dichtlrunst“
646 3355 672 3405 p.
690 3339 807 3408 259sqq.
825 3340 887 3394 265.

391 3432 431 3482 V.'
444 3432 484 3483 13.
502 3434 580 3503 moti]
600 3433 635 3484 ol.
655 3432 739 3486 Garun
759 3434 802 3499 Ν,
817 3435 842 3499 9,
865 3435 896 3486 51
907 3450 955 3502 sq„
975 3432 1019 3485 ubi
1038 3431 1117 3488 simili
1134 3432 1235 3482 ratione
1253 3429 1287 3481 ad
1307 3428 1421 3480 liberam

321 3516 369 3569 pro
387 3504 470 3569 patria
488 3511 598 3560 mortem
623 3505 917 3557 homiues‘inflammari
947 3519 1026 3572 posse
1054 3503 1199 3554 ostenditur
1216 3508 1372 3569 paupertate
1394 3507 1422 3552 et

322 3575 488 3625 continentia.
510 3605 542 3617 -
561 3576 698 3644 titns'doque
715 3581 799 3647 serpo]
818 3575 886 3629 ilale
904 3578 929 3627 in
943 3576 1018 3626 bonis
1029 3576 1106 3626 etiam
1118 3574 1195 3625 codd.
1216 3581 1257 3624 eat
1277 3572 1420 3634 tisuidum

322 3660 374 3696 uon
397 3644 533 3712 separandi
546 3655 613 3697 sunt
631 3646 741 3714 poplites
762 3662 778 3698 a
798 3655 873 3714 tergo
892 3645 939 3698 sed
958 3644 1149 3713 coniungendi,
1166 3652 1195 3697 ut
1211 3645 1323 3711 ignarus
1343 3641 1421 3693 miles

323 3717 350 3766 in
369 3716 430 3784 iuga
441 3724 517 3768 ‹totus
535 3720 716 3785 conspiciatur.
736 3718 802 3770 Vide
818 3720 896 3769 etiam
914 3717 946 3768 ad
964 3716 1048 3770 orm.
1066 3716 1127 3778 1‚2‚
1146 3718 1169 3766 1.
1188 3746 1223 3760 -·-
1236 3707 1420 3785 persequatur]

322 3788 341 3839 i.
362 3802 386 3838 e.
406 3790 523 3856 sequitur
545 3797 571 3840 at
590 3791 767 3857 consequitur,
788 3804 846 3840 uam
865 3790 910 3857 qui
933 3788 1098 3855 persequitur
1115 3802 1167 3838 nou
1180 3785 1276 3837 desinit
1288 3785 1376 3852 sequi.
1391 3814 1423 3830 ..-

324 3858 444 3926 rapothae
461 3858 563 3928 amolo]
584 3863 644 3927 quia
664 3863 709 3927 qui
728 3862 824 3912 virtute
841 3867 974 3926 praestant
986 3873 1080 3926 ineque
1100 3857 1213 3909 honores
1231 3863 1325 3924 petunt
1345 3869 1422 3920 apo-

255 3956 262 3968 ‹
316 3928 387 3996 pulo
406 3945 493 3998 usque
520 3929 598 3982 aliam
625 3947 713 3983 veram
741 3947 800 3982 esse
822 3932 907 3981 sciunt
922 3930 1074 3998 dignitatem
1094 3929 1144 3980 uisi
1165 3943 1222 3979 earn
1243 3941 1319 3994 quam
1338 3927 1421 3976 virtus

325 4001 383 4066 ipsa
401 4000 504 4052 tribuat.
541 4000 591 4064 Qui
608 4003 648 4053 sic
665 4004 797 4065 sentiunt,
820 4003 852 4052 iis
871 4001 993 4052 bonorem
1014 4016 1101 4067 noque
1118 3999 1177 4050 data
1197 4013 1305 4049 muers
1323 4003 1422 4063 augeat

325 4079 525 4138 neque-negata
547 4073 672 4125 minuunt.
709 4073 737 4125 ol
763 4073 847 4124 Caum
868 4069 900 4136 11,
920 4075 945 4136 2,
967 4072 1007 4123 17.
1033 4072 1075 4135 lV,
1093 4072 1120 4132 9,
1138 4070 1236 4137 sssqq.
1262 4098 1292 4110 -
1311 4068 1421 4118 taem

327 4144 407 4211 umis]
434 4143 575 4196 transnare
595 4144 702 4196 verbum
721 4146 822 4195 etiarnsi
841 4143 972 4194 insolitum
986 4150 1036 4195 ¹est
1055 4152 1082 4193 et
1101 4149 1197 4193 certam
1216 4140 1426 4205 accepit‘nuoto-

329 4214 430 4263 ritatem
457 4229 472 4264 a
493 4215 637 4279 composito
656 4218 835 4267 contaminare
862 4222 890 4265 et
907 4216 992 4282 potuit
1011 4213 1088 4266 facile
1107 4220 1210 4279 poetam
1230 4206 1425 4277 perduceread

318 4283 474 4346 ,moenium
505 4284 573 4336 hauc
599 4294 737 4354 negantem
766 4287 891 4346 foratam,
919 4302 975 4336 oum
993 4287 1145 4352 praesertim
1169 4284 1247 4332 latina
1279 4280 1371 4348 lingua
1395 4276 1426 4328 ad

328 4363 455 4422 negantes
480 4356 576 4407 iorruas
601 4356 740 4411 iaciendas
757 4373 834 4425 quam
861 4359 1060 4408 maximeesset
1078 4355 1208 4407 inclinata.
1248 4353 1329 4402 laune
1349 4352 1425 4418 igitar

332 4426 478 4491 corrigandi
491 4425 635 4493 perieulum
654 4443 758 4491 eorum,
775 4428 865 4495 quiin
886 4427 961 4479 codd.
973 4425 1380 4493 temseruuttsuostsatmrts,
1397 4426 1425 4470 ut

331 4512 424 4549 versus
446 4497 477 4550 tt
495 4497 663 4562 aspernetur
683 4507 762 4550 emet.
784 4529 819 4541 -
850 4502 957 4570 utputa]
976 4498 1123 4566 hpmiallttu
1142 4495 1235 4564 quales
1253 4510 1313 4548 esse
1327 4492 1426 4546 odeat-
