3117 5042
456 436 546 502 ΙιΙΒ.
569 439 607 504 ll
646 439 805 505 EPlS'l'.
826 442 864 505 11.

197 616 329 679 Discedo
353 616 486 682 ulmeos
506 627 619 701 puncto
644 620 746 698 illlum
769 622 824 685 ille
844 643 912 687 meo
932 624 1027 708 qtlel

130 743 178 788 roo
198 726 273 802 Quia
294 725 354 789 uisi
374 724 605 791 callimachuel
622 728 648 791 ei
669 731 739 812 plus
761 750 932 813 appoecere
953 733 1050 815 viere,

195 834 247 896 Pit
267 833 465 902 Mimnermus
484 840 517 897 et
540 836 645 917 optivo
670 839 854 919 cognomine
875 842 999 905 crearit.

196 939 296 1004 lllultu
317 938 402 1019 iero,
423 951 458 1005 ut
477 944 595 1025 placem
618 962 716 1026 genua
733 945 887 1010 irritabile
907 955 1041 1026 ναίω,

202 1047 277 1112 Cum
298 1043 401 1114 scribo
423 1056 455 1112 et
474 1052 606 1132 aupplex
628 1054 732 1135 populi
752 1055 902 1138 suffragia
924 1065 1037 1140 capto;

202 1156 285 1220 ldera
304 1158 399 1221 linitis
418 1158 528 1223 erudito
549 1166 581 1221 et
603 1169 704 1226 merite
724 1169 849 1245 recepta
878 1199 880 1206 ι

130 1281 176 1326 rou
196 1262 342 1328 (llrturem
363 1266 487 1356 patulae
510 1267 631 1349 irupuue
653 1270 828 1351 legentibus
850 1275 951 1334 au'rea

194 1371 347 1435 Ridentur
366 1374 451 1436 mala
473 1373 524 1456 qui
544 1382 729 1456 componunt
752 1378 911 1457 carmim
933 1396 1038 1444 rerum

195 1479 341 1544 Gaudeat
365 1481 535 1545 scribentes
554 1489 586 1545 et
606 1502 641 1546 ec
663 1492 851 1548 veneraretur
870 1492 902 1549 et
925 1486 1018 1561 ultro,

193 1587 229 1650 Si
254 1595 376 1669 meere,
397 1575 526 1653 laudarit
545 1567 689 1673 quidquid
712 1593 868 1675 scripsere
891 1593 984 1658 beati

195 1695 238 1758 et
259 1696 311 1782 qo
330 1696 497 1779 rigorum
518 1699 619 1780 cipiet
639 1700 751 1764 seciam
765 1671 895 1782 ‘poene

130 1819 176 1864 rro
195 1802 272 1867 Cum
294 1802 410 1868 tabulir
428 1801 560 1878 aoliuuur
581 1808 718 1872 censorie
740 1815 839 1873 sumet
857 1808 998 1885 lroueeti3

194 1911 348 2003 Audebit,
369 1929 565 1997 quaecuuque
586 1934 695 1998 parum
713 1917 888 2022 splendoris
910 1918 1067 1996 habebunt

193 2018 235 2081 lut
255 2019 322 2082 eine
344 2019 481 2102 pondere
500 2030 590 2085 eruut
610 2030 643 2086 et
665 2023 782 2088 lrouore
804 2025 934 2107 indigua
957 2027 1105 2099 ferentur,

192 2128 298 2191 Verba
318 2146 443 2191 movere
464 2130 552 2210 loco,
574 2131 714 2213 quamuis
736 2132 836 2197 iovite
858 2121 1019 2197 :medam

194 2234 235 2297 lit
259 2243 423 2299 versentur
439 2237 543 2314 „adlruc
563 2239 646 2302 iutra
666 2241 841 2320 penetralia
860 2242 992 2318 Vestam

101 2394 160 2502 que
178 2379 212 2431 ad
230 2394 377 2447 vesperam,
396 2395 455 2433 cum
472 2383 554 2451 prima
572 2382 616 2435 lax
633 2382 788 2436 incenditur.
808 2414 839 2428 -
857 2395 952 2454 punem
982 2385 1014 2438 A.
1025 2384 1052 2436 P.
1063 2381 1125 2435 343.
1146 2381 1202 2434 cic.

127 2466 182 2502 uec.
201 2450 236 2513 ll,
256 2451 353 2515 redu.
390 2453 535 2520 Antequam
556 2455 679 2524 suffragiu
697 2454 791 2506 tabulis
810 2455 935 2507 dabantur
952 2471 978 2507 m
992 2455 1113 2516 comitile,
1133 2469 1202 2520 pon-

105 2523 157 2572 ctie
178 2521 373 2573 candidatorum
389 2524 536 2576 nominibus
555 2524 648 2577 additis
668 2528 739 2577 civee
760 2527 802 2576 cui
822 2526 947 2578 honorem
967 2524 1123 2577 demandare
1142 2525 1202 2576 vel-

106 2593 165 2643 lent
184 2593 301 2644 iudicare
318 2592 446 2646 uolebant.
489 2626 521 2642 -
560 2596 747 2666 Callimachus]
780 2596 954 2649 Alexandriae
970 2599 1036 2648 vixit
1055 2594 1204 2648 Ptolemaeo

104 2661 280 2730 Philadelpho
299 2673 325 2715 el
344 2662 475 2733 Euergete
492 2667 669 2735 regnantibus.
708 2666 815 2731 Quintil.
835 2668 868 2733 x,
889 2671 912 2732 1,
931 2667 983 2722 582
1001 2667 1088 2735 „Turre
1108 2674 1135 2719 et
1149 2666 1204 2717 ele-

103 2735 181 2804 piem
208 2734 312 2786 vacabit
330 2737 358 2786 in
376 2751 466 2794 manue
487 2753 611 2806 latomere,
639 2739 713 2789 cuiue
732 2740 854 2806 prinecps
875 2738 985 2804 habetur
1003 2729 1204 2790 callimrlimess

104 2805 173 2858 lude
192 2805 341 2873 Propertius
359 2821 389 2856 ee
407 2807 549 2860 Romanum
568 2806 754 2860 Callimachum
773 2809 917 2876 appellauit
937 2810 980 2873 lv,
1006 2813 1030 2873 1,
1048 2807 1092 2861 64.
1119 2803 1203 2861 'rne-

103 2884 180 2928 terea
198 2876 323 2949 hymnoel,
350 2877 551 2944 epigrammata,
572 2881 647 2946 opica
666 2881 780 2931 carmine
800 2881 953 2949 composuit.
991 2880 1031 2931 lle
1051 2879 1201 2931 llimaermo

101 2947 167 2998 vide
188 2947 220 2999 ad
240 2948 321 3014 Epist
339 2946 361 3011 l,
380 2947 407 3010 6,
425 2949 468 3003 65.
506 2950 684 3001 Audaciruiura
704 2964 767 3001 rane
786 2960 827 3003 ert
845 2953 934 3019 opinio
955 2949 1138 3003 nonnullorum
1159 2952 1202 3000 iu-

102 3026 265 3085 temetum,
289 3017 407 3070 vellicari
427 3019 476 3070 hoc
494 3022 553 3072 ioco
573 3023 658 3087 iprum
676 3021 853 3087 Propertium,
871 3037 949 3089 quam
967 3035 1031 3072 reue
1048 3023 1139 3072 mirum
1161 3028 1202 3071 ert

101 3104 193 3157 meque
214 3104 415 3142 commemorare
436 3092 568 3143 Horatium
586 3105 694 3159 uuquam
711 3107 798 3159 neque
821 3093 853 3143 ab
872 3093 978 3146 lloratio
996 3093 1201 3145 commemorari.

100 3187 140 3202 -·
157 3176 217 3212 curm
233 3161 329 3230 corilo]
352 3161 473 3227 quamdiu
491 3164 548 3228 ipro
568 3163 681 3214 carmina
698 3177 836 3229 compono.
861 3195 896 3207 -
927 3165 1029 3233 impune
1048 3161 1198 3232 lepontiletl

100 3232 148 3286 Sic
166 3231 315 3298 coniunge3
342 3231 414 3283 nulla
431 3235 500 3285 enim
526 3233 559 3284 ab
577 3233 683 3284 Horatio
703 3235 735 3285 lie
754 3236 833 3285 instat
852 3249 957 3302 poena,
985 3250 1043 3285 eum
1064 3234 1129 3285 nillil
1150 3237 1201 3285 ium

102 3304 164 3368 ipre
184 3303 338 3353 recitaturue
357 3303 399 3353 eit.
437 3304 530 3356 locoee
548 3305 598 3355 hoe
616 3304 721 3370 dictum,
740 3308 862 3373 quoniam
881 3308 939 3372 ipse
959 3320 1089 3372 uunquam
1103 3306 1135 3355 iio
1155 3321 1199 3355 re-

102 3373 274 3497 qiugqqrnibue
292 3372 416 3425 interluit
453 3374 486 3426 ci.
509 3374 592 3441 Epist.
613 3375 634 3438 1,
659 3374 699 3441 19,
719 3376 763 3428 39.
795 3407 829 3419 -
861 3376 940 3447 ultro]
962 3377 1023 3428 ride
1039 3375 1073 3427 ad
1093 3375 1147 3428 Sat.
1166 3374 1200 3437 ll,

125 3482 134 3511 ,
191 3481 198 3495 .

176 3540 208 3594 V.
221 3539 279 3593 109.
299 3539 334 3592 Ar
347 3540 400 3614 qut]
423 3537 528 3606 „stultia
546 3537 600 3590 illie
619 3538 737 3591 laudibus
757 3549 923 3609 opponuntur
937 3553 1030 3591 revera
1043 3538 1106 3589 artie
1122 3553 1202 3605 prae-

102 3617 202 3676 cepta,
224 3611 318 3679 quibua
338 3612 489 3664 satisfacere
509 3609 587 3661 debet
607 3618 701 3677 poeta,
727 3618 755 3660 ut
772 3627 838 3678 opue
858 3626 932 3661 eoum
949 3609 1089 3678 legitimam
1106 3607 1199 3670 saltem

100 3696 203 3736 vocare
223 3681 334 3745 audeat,
352 3681 465 3746 mondum
484 3680 636 3747 pulchrum,
656 3680 769 3734 nondum
788 3679 948 3732 admirabile.
985 3678 1111 3731 &multo
1129 3681 1199 3731 enim

100 3759 174 3804 tacet
188 3753 223 3804 de
240 3754 355 3820 iugenio,
372 3753 406 3804 de
424 3753 584 3814 inventione,
603 3750 636 3803 de
658 3753 725 3802 iurta
744 3754 856 3817 partium
874 3751 1073 3818 compositione,
1091 3750 1199 3802 dearte

99 3824 214 3875 adcetue
233 3823 375 3887 movendi,
404 3825 480 3874 unice
509 3830 647 3888 praccepta
670 3820 734 3873 daur
752 3821 787 3874 de
804 3821 943 3874 luminibur
964 3823 1091 3873 sermonis
1114 3836 1146 3871 ac
1166 3820 1200 3872 de

99 3902 160 3947 toto
176 3909 278 3962 genere
296 3893 407 3946 dicendi.
444 3893 568 3946 Nimirum
591 3893 626 3945 de
643 3893 782 3944 maioribus
802 3892 855 3944 illis
873 3894 928 3944 veri
947 3900 1043 3958 poetae
1060 3891 1199 3943 virtutibue

97 3981 161 4017 eum
182 3964 386 4017 versificatorum
403 3964 477 4016 turba
496 3979 576 4032 agere
595 3976 817 4031 supervacaneum
835 3969 935 4031 putat«
953 3962 1119 4015 (luillae-
1135 3978 1199 4016 oee-

95 4038 178 4107 eort‘el
201 4036 360 4102 Scriptorem
380 4035 442 4087 dicit
460 4033 551 4087 eodem
571 4036 665 4100 auimo,
684 4034 776 4087 eadem
794 4036 935 4087 actoritate
954 4033 1054 4087 tabulae
1073 4047 1134 4084 ruer
1152 4048 1200 4084 ce-

98 4123 161 4159 reae
183 4122 287 4158 rumore
306 4105 421 4168 debere,
452 4104 662 4174 quodquesine,
691 4105 789 4172 prolrue
816 4119 910 4157 ceoror
934 4104 1036 4156 muniar
1055 4105 1200 4158 censoriae.

98 4179 288 4231 ‘lotueauteru
308 4177 381 4228 loeue
399 4175 431 4228 ad
453 4178 569 4230 ceueorr'e
589 4192 680 4228 muoue
700 4174 910 4228 accommodatus
927 4183 982 4236 ert3
1000 4173 1098 4229 iudev‘.
1139 4173 1199 4225 lea-

98 4250 185 4307 dor-ir,
206 4251 251 4315 qui
270 4256 310 4299 eet
328 4248 636 4315 equitum‘liomaoorum
654 4247 795 4317 (epleodidi
815 4248 949 4314 equites),
972 4247 1065 4314 quibus
1086 4192 1200 4314 indigem

97 4334 201 4371 eeneor
221 4334 317 4387 equum
330 4317 475 4380 adimebat3
496 4317 556 4369 iude
569 4319 649 4370 cerlo
661 4318 845 4379 mercium,
864 4333 923 4369 uam
942 4332 1035 4370 eeueor
1054 4323 1201 4368 certatorem

99 4398 218 4453 aeuum,
248 4390 339 4441 civem.
355 4389 422 4440 trihu
447 4404 553 4441 movere
573 4391 674 4456 potuit3
705 4389 767 4441 iude
787 4391 871 4442 incito
891 4388 1032 4448 recedent,
1063 4387 1203 4440 olem

99 4469 187 4513 eruet
213 4494 249 4505 -
268 4461 381 4526 audebit}
399 4459 459 4511 vide
476 4459 513 4514 etl
527 4459 600 4526 Epist
625 4459 646 4522 1,
667 4461 694 4521 2,
713 4460 757 4513 to.
775 4491 809 4502 -
830 4458 977 4528 penetralia
1000 4459 1101 4526 Vertere]
1120 4457 1201 4523 „nullu

99 4540 167 4586 uota
190 4533 242 4584 niel
260 4532 320 4595 eibi,
338 4533 406 4584 ricut
422 4530 484 4582 nulli
507 4531 596 4584 ridere
615 4531 689 4583 licuit
707 4530 851 4599 penetralia
862 4532 957 4582 Vestae
975 4532 1025 4582 oiri
1045 4528 1200 4584 sacerdoti«
