3117 5042
445 392 535 456 ΜΒ.
557 393 580 453 l.
623 386 732 454 ΕΔΤ.
757 392 821 453 Vll.
1119 392 1179 452 ast

186 572 245 634 Aut
263 573 289 634 si
309 570 482 652 disparibus
504 572 615 635 bellum
636 571 770 645 incidat,
792 578 825 632 ιιι
846 568 982 632 Diomedi

187 680 259 742 Cum
281 680 375 757 Lycio
398 678 535 755 Glauco,
554 680 691 742 discedat
710 674 831 761 pigrior
850 679 933 740 ultro

184 788 359 850 Muneribus
377 788 485 850 missis.
530 786 625 850 Bruto
648 795 793 870 praetore
812 793 955 853 tenente·

185 897 282 958 ltiteru
306 897 432 970 Asiam,
456 896 557 977 lispili
578 905 608 957 et
629 896 717 958 Persi
736 913 795 977 par
813 900 949 975 pugnat,
970 893 1012 954 utu'
1036 913 1095 954 imn

141 1021 169 1064 ro
187 1004 390 1085 compositum
412 1005 518 1066 melius
539 1022 605 1066 euin
628 1003 718 1081 Bitlm
740 1003 899 1073 Baocbins.
941 1001 974 1062 lu
998 1001 1045 1067 ius
1083 1004 1090 1015 “

187 1114 282 1174 dares
300 1122 505 1192 procurrunt,
524 1130 667 1194 magnum
689 1111 892 1193 spectantium
915 1118 1050 1191 uterquc

189 1222 317 1283 Persius·
333 1219 458 1302 exponit
476 1238 617 1301 cansam
638 1220 756 1283 ridetur
777 1219 818 1282 ab
837 1220 918 1282 omni
969 1263 974 1275 ,
1015 1234 1021 1243 “

189 1327 364 1400 Conuentn:
386 1306 493 1392 laudat
512 1328 636 1391 Brutum
659 1329 824 1411 laudatque
845 1314 1022 1415 cabonem,

162 1430 165 1435 ’
187 1435 291 1500 Solem
312 1437 404 1503 Asiae
426 1422 550 1501 Brutum
572 1437 727 1519 appellat,
750 1437 921 1520 stellasque
943 1437 1084 1500 salubres

138 1562 165 1604 us
187 1546 333 1626 Appellat
351 1545 492 1622 comites,
514 1552 642 1627 excepto
656 1546 770 1627 nege:
794 1564 899 1625 canen
921 1546 1023 1623 illum,

183 1655 317 1716 lnrisuur
337 1654 482 1735 agricolis
503 1655 609 1732 sidus,
633 1656 774 1732 venisse3
801 1655 911 1718 ruebat

186 1762 312 1824 l'lumen
332 1770 367 1823 ιιι
386 1761 560 1849 bibernuup,
578 1763 680 1827 larun
700 1782 760 1845 quo
780 1780 856 1825 rara
877 1763 1002 1825 sanda.
1058 1798 1061 1811 ·

186 1871 265 1932 ’l'nm
286 1871 500 1933 Praenestinus
522 1870 606 1933 salso
628 1871 782 1955 multoque
802 1870 908 1933 durati

185 1978 345 2061 Expressa
365 1979 490 2042 arbusto
510 1980 628 2061 regerit
647 1979 801 2058 convicio,
824 1979 918 2042 durus

136 2103 163 2146 so
182 2087 395 2149 vindemiator
415 2095 448 2148 et
468 2086 614 2162 invictus,
637 2090 684 2149 eui
704 2105 798 2169 saepe
821 2088 924 2151 viator

185 2193 339 2257 Cessisset
360 2212 474 2274 magua
493 2196 681 2277 compellans
703 2194 945 2259 roce'auculum.

188 2306 229 2364 dt
251 2306 408 2381 Graecus,
429 2302 590 2385 postquam
612 2313 659 2366 est
677 2305 758 2371 ltalo
780 2306 924 2386 perfusus
948 2313 1054 2377 aceto,

189 2410 315 2495 Persius
337 2410 505 2501 euclomnt:
527 2412 585 2474 Per
605 2406 753 2494 irruguus,
775 2413 878 2487 Brute,
898 2412 972 2474 deos
992 2418 1022 2473 te

188 2520 261 2594 bro,
283 2519 335 2601 qui
354 2522 444 2599 repes
466 2522 619 2583 consuesti
641 2506 770 2595 tollere,
788 2539 848 2583 cnr
869 2539 929 2582 non
986 2582 991 2589 ,

145 2644 172 2687 ss
193 2629 279 2691 llunc
293 2629 406 2709 negem
420 2628 563 2709 ingnlsst
582 2631 714 2711 opernm
729 2629 795 2705 boc,
811 2629 992 2705 mihicrede,
1009 2634 1191 2689 tuornmost.

116 2832 187 2900 spuo
209 2837 251 2898 ιι,
273 2835 301 2886 ι.
322 2830 356 2875 -’
373 2844 465 2901 aerem
484 2837 534 2889 sn.
556 2836 589 2900 ιι,
607 2810 702 2901 anna
723 2816 756 2901 ir,
771 2836 797 2897 r,
812 2835 856 2887 os.
892 2835 944 2886 mn
963 2850 996 2886 οι
1014 2833 1088 2885 eona.
1109 2842 1192 2885 saei.

117 2902 202 2954 Passim
225 2907 293 2957 haec
311 2904 390 2956 verba
407 2908 473 2957 inter
489 2922 518 2961 se
537 2916 723 2959 commutantur
741 2923 755 2957 a
774 2907 892 2958 librariis.

193 2994 223 3044 V.
244 2993 292 3045 20.
331 2993 507 3065 Conpositum]
538 3011 592 3062 par.
616 2994 720 3059 „Bitbns
739 3005 765 3047 et
784 2995 910 3046 Bacchius
928 2994 1084 3062 gladiatores
1104 2993 1193 3059 optimi

116 3062 162 3113 illis
179 3062 341 3132 temporibus
360 3063 475 3130 luerunt,
493 3067 536 3134 qui
558 3081 615 3117 cnm
636 3066 729 3125 multos
751 3068 961 3129 interemissent,
981 3065 1110 3116 commissi
1128 3065 1195 3116 inter

116 3148 141 3184 se
157 3137 249 3186 mutuis
268 3133 420 3185 vulneribus
438 3136 627 3189 conciderunt⁴⁴
646 3138 731 3189 Soloi
770 3170 804 3179 -
841 3139 951 3206 ridetur]
971 3133 1194 3203 impersonaliter,

116 3219 161 3255 uon
179 3206 295 3258 Persius.
331 3204 424 3257 liident
443 3220 532 3258 omnes
553 3216 658 3276 propter
679 3218 778 3260 acutam
798 3218 825 3261 et
835 3208 929 3260 selsam
949 3209 986 3259 rei
998 3208 1194 3273 expositionem.

116 3273 207 3328 bainde
226 3275 295 3328 nihil
316 3276 394 3327 video
422 3278 571 3329 tumidarum
595 3280 801 3346 metaphorarum
831 3288 857 3332 et
879 3279 1005 3331 ridiculae
1025 3277 1196 3340 ἀντιθέσεως

117 3346 139 3396 in
158 3348 314 3417 imaginibus
332 3347 424 3414 quibus
443 3364 504 3399 usus
523 3364 582 3400 esse
599 3349 692 3401 dicitur
709 3352 819 3403 Persius.
856 3350 1026 3417 Negotiatori,
1044 3348 1195 3414 praesertim

118 3419 241 3484 agricolao
262 3419 309 3487 qui
327 3433 419 3485 magna
440 3418 527 3470 habuit
548 3419 681 3470 latifundia
707 3421 751 3471 illu
771 3438 829 3473 cum
848 3420 905 3473 sole
925 3429 951 3471 et
975 3417 1059 3469 stellis
1079 3424 1105 3469 et
1125 3416 1195 3466 Cane

118 3492 269 3555 comparatio
287 3488 356 3539 baud
374 3488 452 3540 dubie
473 3490 595 3541 facillima
612 3492 660 3541 luit
692 3522 722 3532 -
743 3494 902 3558 ferturque]
923 3490 967 3539 ubi
985 3488 1138 3538 densissima
1156 3493 1197 3534 est

117 3558 178 3610 silva
205 3594 237 3604 -
269 3558 398 3626 multopere
417 3561 514 3631 moun]
540 3563 610 3628 Virg.
629 3560 722 3627 Georg.
744 3561 789 3624 lll,
811 3561 846 3612 28
881 3591 915 3601 -
942 3572 1063 3624 expressa
1080 3554 1193 3622 arbusto]

118 3629 147 3678 cl.
167 3630 247 3698 Epist,
270 3631 306 3692 ll,
327 3632 351 3692 1,
373 3630 431 3683 ilfi.
463 3631 568 3682 Solebat
586 3630 776 3697 probro-obiici
799 3627 1035 3687 vindemiatoribus,
1054 3625 1075 3674 si
1089 3621 1196 3673 cuculus

118 3716 158 3750 eos
177 3699 395 3769 deprehendisset
416 3709 533 3767 putantes
551 3704 662 3753 vineam.
698 3700 784 3764 Quare
803 3702 914 3750 viatores
933 3698 954 3746 si
975 3710 1040 3762 quos
1052 3692 1196 3759 vindemia-

119 3778 181 3822 tores
198 3789 259 3825 sero
283 3779 404 3839 putantes
430 3775 641 3839 conspecturum,
672 3770 790 3822 cuculum
819 3766 958 3823 clamantes
985 3763 1195 3814 tiliaconvin'uri

120 3842 239 3895 solebant
278 3842 378 3906 Quibus
397 3843 519 3895 conmotis
540 3843 739 3894 vindemiatores
759 3841 823 3891 durs
842 3839 954 3888 sutiset
971 3835 1067 3885 rustice
1085 3847 1196 3898 reapon-

120 3910 213 3966 debant.
251 3914 380 3980 Rupilius.
392 3914 470 3980 igitur
487 3914 562 3965 salsis
579 3912 786 3973 cavillationibus
805 3909 884 3961 Persii
902 3907 996 3956 r'ustica
1014 3911 1040 3953 et
1058 3903 1193 3985 duracun-

123 3984 182 4035 vina
199 3986 302 4047 obiicit,
320 3986 355 4033 ita
374 3991 402 4033 ut
422 3983 511 4035 Graeci
532 3984 621 4052 lepore
640 3985 744 4034 omnino
766 3990 792 4031 et
810 3980 888 4030 iuoile
906 3983 1050 4041 superetur.
1077 4002 1111 4012 -
1137 3988 1196 4022 oen·

118 4053 250 4124 Maur]
281 4053 419 4120 pronuntia
442 4063 560 4121 quattuor
580 4054 691 4119 syllabis
738 4052 798 4102 vide
824 4051 855 4100 ud
873 4048 954 4099 carm,
978 4043 1022 4105 lll,
1038 4042 1127 4123 .⁴’.4¹:
1161 4070 1196 4082 -

120 4125 219 4196 uuae]
242 4125 443 4194 Ambiguitutem
468 4140 534 4191 quae
560 4128 627 4178 inest
649 4126 675 4175 in
697 4123 850 4192 cognomina
868 4117 947 4182 Regia
966 4130 1013 4164 nos
1035 4118 1127 4161 imitari
1146 4125 1197 4185 non

121 4208 262 4260 possumus.
935 4206 937 4213 ’
