3117 5042
471 1354 514 1429 Q.
547 1352 719 1417 HORlel
759 1349 902 1416 nuncet

263 1577 1119 1676 CARMINUM

482 1888 622 1952 LIBER
639 1887 881 1954 SECUNDUS.

626 2113 755 2127 -n—-——-

553 2301 748 2410 Cacmen
774 2316 799 2387 Ι;

336 2481 452 2550 lllatum
473 2498 513 2547 ex
532 2484 660 2548 llletello
681 2481 953 2546 cousule'oivicum
1010 2463 1012 2466 ’
1046 2487 1050 2492 ’

333 2588 473 2674 bellique
494 2609 604 2656 causas
627 2601 659 2654 et
681 2591 760 2654 vitiu
784 2597 815 2652 et
835 2591 942 2654 modos

301 2841 304 2844 .
383 2841 389 2850 ,,
463 2825 468 2831 ·
569 2786 728 2849 'Carmen
750 2786 772 2851 Ι.
917 2820 921 2827 ·

199 2875 230 2928 0.
248 2879 356 2929 Asinius
377 2880 461 2932 Pollio
480 2870 506 2933 a}
524 2899 550 2935 u.
569 2899 593 2935 c.
614 2869 670 2936 679
690 2891 766 2933 natus
784 2873 1004 2947 magnis'iugeuii
1023 2875 1156 2946 animique
1169 2869 1230 2929 ‘vir-

126 2945 228 2998 tutibus
255 2951 397 3001 instructus
428 2952 549 3005 civilibus
577 2953 654 3005 bellis
673 2954 807 3020 egregiam
825 2951 875 3001 sibi
894 2948 956 3000 belli
977 2951 1102 3016 pacisque
1120 2948 1231 3014 gloriam

124 3021 240 3085 puniit
276 3019 342 3071 baur
362 3038 421 3073 cum
438 3039 462 3074 a.
481 3026 534 3080 714
551 3023 641 3076 consul
661 3032 732 3076 esset
749 3030 868 3086 creatus,
898 3035 989 3087 pacem
1007 3021 1075 3071 inter
1090 3021 1231 3071 Antonium

126 3098 155 3139 et
174 3089 348 3142 Octavianum
367 3093 556 3150 Brundusinam
572 3095 738 3160 conciliavit,
769 3102 796 3145 et
816 3093 963 3160 insequenti
983 3106 1052 3143 anuo
1071 3091 1148 3142 victis
1167 3091 1232 3142 Par·

124 3159 228 3224 lirinis,
259 3160 365 3228 lllyrica
383 3174 484 3231 genta,
512 3166 667 3234 triumphum
685 3166 841 3232 impetravit.
888 3162 989 3214 lleinde
1016 3161 1087 3212 balio
1106 3161 1231 3213 abstinuit

125 3247 288 3299 carnemque
310 3232 412 3285 laudem
432 3227 573 3289 in'litteris
593 3238 720 3305 bonisque
739 3235 837 3287 artibus
852 3236 988 3301 quaesivit.
1015 3234 1067 3285 lam
1078 3233 1230 3300 eloquentia

125 3302 233 3354 civibus
251 3302 342 3369 adluit,
363 3307 479 3359 civilium
500 3324 585 3359 rerum
604 3310 698 3375 peritia
711 3315 829 3359 senatum
848 3305 955 3368 adiuvit,
975 3306 1115 3372 tragoediis
1133 3306 1231 3354 amicos

126 3372 280 3426 delectavit.
317 3376 415 3428 Primus
431 3378 529 3430 llocnae
548 3379 677 3445 pubiicum
698 3378 882 3430 bibliothecam
906 3385 932 3428 et
945 3377 1098 3442 scriptorum
1117 3377 1230 3441 privatas

127 3446 299 3496 recitationes
318 3456 458 3515 mutuaque
477 3451 618 3501 amicorum
638 3450 733 3500 iudicia
751 3449 871 3498 instituit
911 3447 963 3497 lam
985 3449 1081 3496 scimus
1092 3447 1230 3509 scripsisse

125 3516 248 3566 Asinium
272 3515 433 3569 historiarum
453 3520 582 3572 bellorum
604 3521 719 3572 civilium
739 3518 820 3569 libros
839 3516 925 3579 xv11;
953 3532 984 3566 ac
1008 3516 1110 3566 videtur
1131 3522 1230 3580 partem

128 3588 186 3636 cias
207 3589 297 3652 operis
317 3590 407 3640 amicis
424 3594 559 3643 recitasse.
597 3591 668 3643 luter
680 3607 745 3658 quos
764 3588 939 3639 consuesset
955 3587 1078 3636 Horatius
1093 3593 1230 3651 praestum

129 3657 164 3706 tia
182 3659 273 3725 operis
292 3666 428 3725 tantopere
450 3671 535 3714 motus
554 3670 602 3728 eat,
622 3671 650 3713 ut
670 3678 745 3734 anum
761 3668 788 3709 ot
805 3659 837 3709 de
857 3673 938 3723 opere
957 3656 1024 3707 etde
1036 3657 1093 3706 viro
1108 3654 1231 3705 iudicium

128 3726 177 3778 boc
197 3730 314 3780 carmine
335 3730 466 3796 proderet
485 3764 518 3774 -
542 3733 599 3797 Quo
618 3748 687 3784 mnu
706 3733 829 3795 seriptum
849 3731 883 3777 sit
895 3743 1007 3788 carmen,
1027 3743 1073 3793 pro
1090 3732 1161 3775 certo
1177 3739 1230 3775 non

130 3807 218 3863 potest
230 3799 373 3862 aliirmari3
393 3817 549 3871 quamquam
569 3802 803 3855 verisimillimum
824 3797 935 3859 videtur,
954 3796 1043 3847 civilia
1063 3794 1132 3846 belia
1155 3809 1230 3845 com-

126 3871 213 3990 ppeita
232 3870 337 3938 quidem
352 3888 418 3924 osse
446 3874 494 3926 red
521 3876 614 3926 animis
631 3874 745 3926 uonrlum
762 3867 940 3922 reconciliatis
958 3868 1046 3933 iguem
1066 3864 1115 3918 sub
1131 3866 1229 3915 cineri-

161 3956 173 3991 s
199 3939 294 3993 latere.

196 4036 227 4086 V.
248 4037 273 4087 1.
294 4036 411 4107 Metello]
433 4037 464 4100 0.
486 4036 602 4088 Caecilio
619 4036 725 4088 llletcllo
747 4036 841 4088 Celere
859 4035 887 4086 L.
906 4032 1014 4086 Afranio
1036 4030 1111 4082 Coss.
1130 4046 1190 4082 au.
1203 4046 1227 4083 c.

129 4102 188 4156 694.
210 4137 244 4147 -
266 4106 383 4177 ciuiwm]
410 4109 539 4176 antiquior
562 4110 644 4159 iorma
659 4107 780 4158 adiectivi
800 4115 826 4158 et
845 4121 927 4173 prope
946 4100 1067 4153 nobilior.
1089 4102 1122 4152 ci.
1144 4100 1228 4153 Canu.

129 4171 237 4239 litut,
259 4176 303 4228 26.
330 4177 413 4244 Epist.
433 4177 454 4241 1,
474 4177 553 4241 3,23.
589 4209 625 4219 -
663 4177 780 4247 bellique]
800 4173 931 4228 Vna-8
952 4173 1130 4240 significantur
1146 4173 1230 4239 origi-

132 4251 360 4317 portationesque
378 4248 506 4300 bellorum
527 4248 656 4310 civilium3
674 4248 801 4316 particula
820 4264 868 4313 que
887 4245 989 4312 triplice
1007 4253 1059 4296 tres
1082 4244 1230 4294 alliciuntur

132 4325 224 4384 partu,
246 4334 315 4386 quae
332 4321 408 4388 ipsae
428 4319 649 4372 intercedentibus
669 4328 693 4370 et
711 4317 845 4386 particulis
865 4318 957 4368 iterum
975 4314 1130 4366 dividuntur.
1165 4311 1229 4362 Nam

133 4390 262 4451 genitivus
282 4388 345 4442 belli
364 4405 416 4444 nou
435 4388 467 4441 ad
487 4403 580 4442 causas
597 4390 681 4457 magia
701 4405 778 4458 quam
796 4388 828 4441 ad
848 4388 913 4441 uitio
930 4386 1060 4439 etmarias
1077 4380 1229 4436 referendus
