3117 5042
330 424 392 484 tua
687 475 695 484 .
734 414 1037 484 §Admittunt

530 602 801 663 attenuantur·
823 600 944 681 pionius
965 617 1081 674 aureo,

570 710 705 784 dicaee,
728 709 847 790 plectra
869 708 948 772 dura
967 708 1079 782 naris,
1122 723 1154 754 ·.

611 817 699 880 uara
720 817 816 898 fugae
834 817 936 892 mela,
961 816 1050 878 dura.
1064 813 1146 876 tetii.

530 991 697 1072 Utrumque
719 1007 809 1053 sacro
833 989 935 1070 digua
951 988 1075 1050 silentio

478 1118 508 1161 ao
525 1098 682 1161 ilirantur
702 1097 828 1159 umbrae
849 1096 973 1170 diecre;
994 1096 1047 1157 sed
1068 1094 1174 1176 magis-

571 1206 697 1287 Pugnas
718 1217 750 1266 et
772 1211 899 1268 exactos
919 1211 1071 1281 tyrannos

612 1315 744 1377 Densum
766 1313 900 1376 humeris
920 1312 997 1375 bibit
1018 1299 1238 1389 aure'rulgus.

526 1490 604 1567 Quid
631 1488 762 1565 mirum,
782 1487 833 1549 nii
852 1486 916 1549 illis
937 1486 1122 1549 carminibus
1143 1490 1270 1564 stupens

525 1597 664 1662 llemitiit
689 1603 775 1659 airas
799 1596 892 1657 belua
914 1595 1070 1675 centiceps
1141 1582 1144 1586 ’

473 1725 502 1766 aa
567 1707 665 1768 dures
689 1711 720 1766 et
739 1705 847 1767 intorti
869 1702 992 1785 capillis

611 1813 810 1876 liumenidum
831 1817 1011 1874 recreantur
1032 1808 1179 1890 angues?

531 1987 611 2063 Quin
626 1993 663 2071 et
683 1986 883 2050 Prometheus
906 1951 1082 2065 ctPelopis
1101 1999 1215 2064 parcns

529 2095 617 2157 Iiulcl
644 2096 783 2162 laborum
805 2095 957 2176 deripitur
976 2113 1072 2167 sono,

328 2303 434 2358 pmmru.
456 2292 483 2353 §.
495 2290 537 2344 to.
573 2288 631 2340 Fuit
648 2298 734 2340 autern
752 2285 857 2358 Sappho
879 2281 982 2351 Le'sliia,
1002 2285 1102 2338 Aeolia.
1126 2283 1160 2334 cl.
1179 2282 1263 2334 Carni.
1283 2281 1324 2344 iv,
1344 2279 1372 2343 9,
1387 2281 1424 2331 te.

326 2391 359 2402 -
377 2359 483 2433 puellid
502 2361 569 2427 quod
587 2362 667 2411 amori
688 2359 1054 2425 auo.nolleutobteurperare.
1068 2388 1102 2399 -
1118 2354 1228 2425 plenius}
1247 2350 1280 2402 ob
1299 2352 1424 2402 maiorem

327 2440 535 2499 argumentorum
554 2432 705 2499 dignitatem
725 2439 750 2481 et
767 2433 919 2497 gravitatem
940 2429 1048 2490 Alcaei3
1076 2427 1150 2478 cuius
1176 2439 1243 2492 quae
1265 2421 1364 2474 luerint
1381 2438 1423 2473 ar-

328 2511 466 2571 gumenta,
486 2502 558 2554 videa
576 2501 645 2570 apud
663 2503 806 2554 Horatium.
828 2503 861 2553 cl.
883 2502 966 2552 Curru.
987 2501 1007 2562 l,
1026 2500 1068 2554 32,
1088 2499 1112 2547 5.
1136 2527 1166 2537 -
1182 2496 1291 2564 plectro]
1313 2493 1377 2544 vide
1394 2492 1424 2544 ad

329 2573 414 2629 Carm.
432 2572 465 2637 ll,
487 2573 571 2638 1,40.
609 2572 647 2624 De
666 2573 764 2624 Alcaeo
775 2571 939 2636 Quintilanus
961 2573 992 2634 X,
1016 2569 1109 2634 1‚63;
1139 2567 1268 2634 „dicaeus
1294 2567 1322 2618 iu
1352 2573 1425 2631 parte

329 2647 416 2710 operia
434 2660 514 2696 aureo
531 2645 632 2713 plectro
651 2647 742 2696 nierito
762 2644 888 2706 donatur,
925 2659 975 2711 qua
995 2652 1118 2710 tyrannos
1147 2641 1289 2690 insectatus
1315 2636 1425 2688 multum

329 2715 407 2766 etiam
426 2714 541 2768 moribus
561 2714 680 2766 confert:
711 2717 737 2765 iu
763 2714 911 2782 eloquendo
939 2730 1044 2781 quoque
1066 2711 1153 2763 brevia
1178 2717 1205 2760 et
1221 2707 1378 2774 magnificus
1399 2714 1424 2757 et

326 2781 440 2851 diligens
462 2792 489 2834 et
508 2785 661 2852 plerumque
677 2786 788 2837 lloarero
807 2786 918 2836 similis:
937 2785 983 2836 sed
1005 2786 1031 2835 in
1051 2783 1123 2833 lusus
1145 2789 1288 2832 clamores
1309 2776 1425 2829 deseen-

327 2855 373 2920 dit,
390 2855 530 2909 maioribus
549 2865 634 2908 tamen
653 2858 761 2923 aptiora
782 2889 815 2900 --
847 2873 923 2908 sacro
945 2855 1056 2924 silentio]
1079 2855 1157 2906 Sacra
1174 2851 1280 2903 silentio
1304 2847 1424 2917 ageban-

326 2935 387 2990 tur3
406 2936 541 2995 poetarum
564 2936 653 2980 cautus
672 2928 764 2980 codem
783 2944 834 2996 quo
852 2943 926 2978 sacra
946 2927 1050 2977 silentio
1070 2925 1150 2991 digni.
1176 2922 1311 2974 luceteria
1327 2936 1424 2988 graece

327 2999 475 3067 coniunge:
501 3000 625 3051 mirantur
654 2999 742 3050 dicere
766 3014 812 3065 pro
838 3000 1003 3050 admiruntur
1027 3013 1084 3046 com
1110 2995 1207 3045 dicant.
1252 2992 1373 3044 Brevitas
1398 2993 1422 3041 iu

329 3069 476 3137 eloquendo
498 3073 581 3136 poetis
600 3071 692 3135 aptior.
716 3102 750 3112 -
772 3069 927 3138 dibilitate]
948 3068 981 3118 de
999 3065 1139 3132 cupiditate
1158 3063 1277 3115 audiendi
1299 3061 1423 3131 nequod

328 3140 436 3204 verium
454 3140 583 3206 perdatur.
620 3141 664 3192 Sic
688 3139 761 3192 Ouid.
779 3141 855 3191 Trist,
875 3139 920 3203 lli,
939 3141 965 3202 5,
989 3139 1039 3189 tt:
1055 3135 1179 3204 ,auribus
1198 3134 1245 3185 illa
1266 3133 1348 3184 tibia

392 3234 430 3284 ›v.
449 3233 493 3286 33.
531 3235 599 3297 uati
616 3236 722 3299 mirum,
739 3236 792 3304 uli}
832 3235 938 3287 Umbras
957 3236 1052 3285 virtute
1072 3241 1206 3298 poetarum
1226 3229 1352 3281 delectari
1373 3244 1424 3281 non

328 3303 471 3356 mirandum
487 3312 545 3366 ert,
576 3321 634 3368 cunr
656 3304 752 3356 beluae
778 3307 852 3371 ipsae
873 3307 1013 3358 carminum
1034 3303 1164 3355 blanditiis
1186 3300 1358 3353 mulceantur.
1392 3331 1424 3341 —

329 3376 436 3426 mauro
454 3379 542 3445 aurea]
565 3375 693 3427 Cerberus
713 3386 838 3443 perpetua
855 3377 992 3444 vigilantia
1010 3391 1086 3427 aurea
1105 3383 1218 3425 arrectas
1236 3372 1330 3434 habet3
1364 3387 1425 3422 car-

328 3446 397 3497 mina
418 3446 534 3497 alliciunt
553 3455 581 3497 ut
606 3448 666 3514 quid
693 3450 727 3498 ait
747 3464 821 3502 suum
850 3449 984 3515 paulisper
1010 3448 1106 3498 obliuia
1124 3461 1199 3496 aures
1218 3444 1343 3495 demittat.
1383 3443 1426 3494 Sic

328 3532 396 3585 quae
414 3533 513 3584 angues
531 3519 559 3569 iu
578 3516 748 3572 Eumenidum
768 3519 1016 3586 capillisperpetno
1036 3525 1106 3569 ructu
1124 3524 1244 3584 aguntur,
1264 3531 1296 3564 ne
1309 3529 1426 3582 uuquam

328 3588 396 3641 mala
414 3588 598 3644 sceleratorum
621 3591 781 3641 conscientia
799 3589 924 3656 placetur,
944 3591 1088 3654 eae-etiarn
1107 3586 1245 3638 dulcedine
1264 3594 1356 3636 cantus
1379 3603 1426 3636 re-

329 3669 453 3712 creantur
473 3661 490 3709 i.
512 3676 536 3711 e.
562 3659 689 3713 desistunt
716 3677 732 3710 a
752 3662 880 3712 movendo
899 3670 926 3713 et
948 3660 1120 3719 stimuland03
1151 3675 1202 3726 qua
1227 3673 1255 3708 re
1285 3656 1425 3716 indicatur,

331 3732 407 3783 etiam
429 3729 511 3782 malos
530 3730 665 3798 paulisper
692 3734 826 3784 criminum
844 3740 871 3783 et
888 3748 1028 3798 poenarum
1048 3730 1169 3782 oblivisci
1188 3737 1214 3780 et
1233 3729 1356 3778 recreari.
1382 3729 1426 3780 Si-

329 3801 452 3854 millimus
471 3802 544 3856 locus
565 3810 606 3853 eat
623 3802 683 3854 lior.
704 3802 842 3865 Carmlll,
857 3803 897 3864 ii,
909 3803 1020 3854 17-24.
1057 3804 1100 3854 Sic
1121 3801 1185 3852 haec
1204 3814 1261 3850 eum
1275 3801 1425 3866 insequenti

329 3873 476 3926 Brometlrei
494 3882 520 3925 et
543 3872 641 3924 Tantali
661 3875 787 3941 exemplis
809 3872 932 3926 facillime
949 3882 1102 3940 congruunt.
1127 3902 1160 3913 -
1185 3871 1302 3921 laborum
1325 3871 1428 3939 decipi-

330 3949 381 4013 rar]
404 3944 502 3996 Graece
525 3944 590 3995 haec
608 3947 745 3995 coniuncta
761 3944 863 3996 suntad
884 3944 1077 3996 similitudinem
1101 3942 1237 3994 verborum
1249 3940 1426 3994 obliviscendi

332 4023 358 4065 ot
379 4016 515 4076 ceaauudi;
533 4030 563 4065 ea
583 4017 651 4066 enirn
670 4017 739 4066 inest
758 4017 819 4066 huic
838 4016 919 4067 uerbo
937 4016 1067 4084 generalis
1083 4017 1169 4066 notio:
1191 4029 1236 4063 sua
1249 4022 1343 4079 sponte
1355 4012 1426 4063 obli-

328 4086 395 4136 riaci
412 4094 441 4136 ut
459 4088 502 4153 qui
522 4085 690 4140 obliviscatur
707 4088 763 4154 ipse
782 4089 825 4138 vix
839 4090 946 4144 *sentiat
967 4089 1000 4137 cl.
1010 4087 1042 4140 ad
1054 4086 1139 4138 Curru.
1149 4085 1181 4148 ll,
1191 4084 1215 4147 9,
1225 4081 1265 4133 li.
1278 4115 1307 4127 -
1328 4084 1424 4154 Orion}

330 4170 438 4221 magnus
459 4155 518 4210 dum
538 4157 604 4207 vixit
622 4166 738 4209 uenator.
790 4157 880 4211 Solent
894 4157 988 4214 ,autem
1013 4158 1120 4208 umbrae
1145 4170 1212 4223 quae
1232 4156 1259 4204 iu
1277 4156 1331 4204 rita
1352 4163 1428 4205 eraut

330 4225 414 4278 studia
433 4226 501 4293 apud
521 4227 619 4279 inieror
637 4231 769 4296 persequi.
791 4229 914 4281 Sicllem.
933 4229 980 4281 0d.
1002 4230 1046 4294 xl,
1066 4231 1127 4280 571.
1147 4226 1182 4276 cl.
1202 4225 1272 4290 Virg.
1292 4226 1363 4277 Aen.
1383 4224 1427 4290 ut,

328 4297 379 4351 651
390 4313 447 4365 sqq.
485 4294 776 4364 diiudicatum.
814 4301 874 4354 lior.
893 4300 977 4352 Carni.
997 4299 1043 4364 lii,
1062 4301 1089 4362 t,
1109 4299 1149 4350 71.
1169 4327 1203 4339 -
1223 4314 1342 4364 capaces,
1363 4298 1425 4364 lpa-

328 4373 382 4439 cuo]
404 4367 495 4422 Solent
514 4367 578 4419 haec
595 4372 700 4421 uomina
718 4371 842 4423 leruiuino
861 4387 958 4442 genere
979 4369 1110 4436 usurpari3
1139 4383 1190 4419 nou
1209 4366 1314 4419 dubium
1334 4376 1426 4418 nmen

327 4441 389 4506 quin
418 4439 540 4492 Horatius
564 4441 732 4496 masculinum
752 4444 888 4509 posuerit,
923 4442 992 4508 quod
1015 4442 1162 4494 Priscianus
1184 4438 1281 4500 diserte
1300 4455 1331 4488 ex
1356 4435 1382 4488 hi
1406 4437 1424 4488 l.

327 4510 409 4562 alieri.
448 4511 544 4578 Optimi
561 4511 639 4572 etiam
659 4513 765 4566 codices
785 4512 957 4566 masculinum
976 4529 1060 4580 genua
1079 4521 1193 4564 tuentur.
