3117 5042
691 358 976 426 CARMINUM

428 559 458 604 ro
477 539 607 624 smper
629 539 774 608 ardentes
790 556 905 602 omens
923 537 1060 622 ongittns

565 648 643 712 core
664 655 803 712 eruentn.

475 781 565 848 Arre
588 781 668 865 qumi
692 781 789 864 pubes
807 778 863 844 tibi
883 778 995 842 erescit
1014 778 1132 859 omnin,

482 890 626 956 Servitus
645 889 757 956 crescit
776 908 880 968 noun,
900 907 957 951 nee
978 886 1101 970 priores

484 999 600 1081 impiae
620 1004 732 1061 tectum
752 996 896 1061 dominae
916 996 1097 1079 relinquunt
1117 1033 1122 1038 -

431 1124 463 1169 ro
565 1107 668 1190 Saepe
688 1105 806 1170 minati

484 1238 526 1303 Te
547 1241 611 1304 ouis
631 1248 749 1304 nomeu
768 1245 907 1304 metuunt
930 1235 1087 1314 iuvencis,

485 1349 533 1413 'l'e
554 1366 643 1438 senes
664 1349 751 1430 porei
775 1347 966 1430 miseraeque
986 1362 1084 1427 nuper

417 1483 423 1488 ·
488 1455 634 1540 Virgines
658 1463 789 1539 nuptae,
811 1463 864 1520 tna
885 1475 925 1520 ne
944 1453 1084 1519 retardet

574 1568 661 1634 Auro
679 1566 818 1632 narius.

721 1743 955 1762 *αα-..ιιι-

702 1949 984 2025 (ῙατωειιΙΧ

491 2131 561 2195 Non
582 2148 704 2212 semper
726 2131 841 2195 imbres
862 2129 992 2194 nubibus
1010 2128 1149 2211 hispidos

493 2238 623 2303 birunnt
644 2238 676 2304 in
698 2259 795 2322 egros
817 2246 871 2303 out
892 2256 978 2302 mere
999 2236 1145 2319 caspium

294 2413 423 2483 simplice·
440 2414 589 2484 eppebetne
606 2414 735 2482 ridentur,
751 2413 823 2485 qnod
840 2431 899 2468 cun
918 2429 966 2471 oue
983 2421 1076 2467 nature
1093 2411 1126 2464 oh
1137 2387 1316 2464 omniiroude
1327 2408 1399 2462 alie-

293 2487 436 2609 lutiam,
461 2488 488 2539 in
510 2485 561 2540 hue
585 2503 614 2540 re
633 2487 683 2541 ribi
706 2502 798 2555 perum
819 2495 968 2541 consumes
986 2486 1106 2537 dominre
1125 2482 1258 2536 crudelem
1276 2491 1397 2594 netum

366 2644 400 2695 V.
422 2645 464 2696 17.
484 2643 536 2698 sm
553 2661 606 2698 non
626 2645 675 2697 diis
694 2645 758 2697 solis
776 2644 885 2713 perfidio
903 2651 948 2694 tun
964 2642 1060 2711 pinoet,
1078 2643 1125 2695 sed
1144 2640 1400 2705 etiumhominibue;

298 2730 379 2783 quure
397 2714 471 2765 trube
488 2719 627 2768 amantium
646 2720 672 2767 iu
693 2717 749 2768 dier
768 2717 814 2767 tibi
834 2723 952 2783 augetur.
972 2730 1015 2767 vv.
1027 2715 1134 2767 117--20
1152 2715 1236 2765 omnio
1254 2714 1398 2764 ementium

297 2784 374 2836 turbo
390 2785 418 2836 in
439 2784 502 2836 duno
524 2796 610 2852 portos
630 2786 761 2850 dividitur,
780 2789 806 2839 in
830 2801 876 2837 eoo
894 2785 998 2853 quidem
1017 2787 1061 2853 qui
1072 2784 1185 2838 nondum
1196 2800 1272 2851 quern
1284 2785 1321 2834 sie
1335 2799 1398 2850 per·

298 2855 349 2910 flcio
368 2863 428 2906 runt
445 2859 545 2922 experti
563 2867 590 2909 et
607 2859 634 2910 in
653 2873 699 2910 eoo
718 2860 761 2925 qui
779 2872 935 2925 quemquam
956 2855 1020 2908 illud
1040 2864 1100 2908 runt
1118 2857 1218 2923 experti
1238 2864 1398 2906 tamennon

298 2926 437 2982 abstinent.
454 2957 489 2967 —
527 2931 645 3002 nereum}
674 2937 714 2980 est
731 2931 804 2997 quusi
827 2929 957 2995 oppositio
975 2942 1001 2979 v.
1016 2928 1105 2996 puber.
1126 2958 1157 2970 -·
1179 2927 1304 2997 iuoeoeim
1325 2924 1399 2977 lueet

297 2999 325 3049 in
343 2997 394 3049 boe
412 2996 494 3050 verbo
512 2999 597 3066 imago
616 2999 691 3052 uobis
711 3002 850 3062 inusitato,
877 3000 990 3067 antiquie
1007 3001 1093 3066 pontiu
1118 2997 1149 3049 ud
1176 3014 1261 3049 rerum
1278 3004 1399 3047 nntunnr

300 3070 406 3135 propius
431 3068 616 3122 nutrientibus
642 3073 817 3122 usitatissimo.
847 3069 912 3122 Inde
938 3071 1014 3121 otium
1032 3086 1109 3121 auro.
1145 3069 1219 3136 Virg.
1238 3067 1333 3134 Georg.
1349 3066 1399 3131 lu,

298 3140 360 3192 250.
397 3139 459 3190 vide
480 3138 512 3189 nd
531 3140 615 3191 Curm.
634 3140 711 3208 11‚5,
730 3144 751 3193 l.
786 3169 819 3183 -
853 3159 926 3194 senes
941 3141 1028 3213 porei}
1048 3139 1155 3192 Scilicet
1176 3140 1201 3191 hi
1221 3133 1347 3190 timebant
1363 3152 1400 3188 ue

301 3207 347 3260 iiiii
366 3216 510 3276 nepotesve
529 3210 574 3260 tibi
593 3210 674 3264 dediti
691 3229 746 3263 rem
763 3212 882 3280 perdant.
916 3242 951 3254 -
986 3213 1109 3283 eiroioes}
1135 3210 1191 3262 Boe
1211 3218 1238 3261 ot
1252 3208 1401 3278 poenam

299 3282 405 3332 nomine
424 3295 593 3348 unoquoque
620 3284 784 3335 nominantur
809 3286 853 3352 qui
872 3285 929 3334 viro
948 3284 999 3333 ium
1021 3289 1173 3349 nupserunt.
1203 3313 1240 3324 -
1275 3282 1399 3350 sienne}

301 3353 500 3421 nuoiqnmoir
517 3352 630 3417 positum
650 3353 814 3406 adiectivum.

743 3456 889 3510 Carmen
913 3456 958 3508 ῙΧ.

372 3545 400 3600 0.
425 3541 531 3618 Vui'yieu
548 3547 631 3618 Rubro
649 3552 717 3603 inter
736 3554 806 3604 viros
825 3568 855 3604 en
875 3559 960 3605 aetate
978 3552 1085 3620 ingenio
1096 3550 1266 3618 doctrinaque
1281 3543 1405 3601 eminen-

305 3625 345 3672 ter
362 3633 415 3670 non
431 3620 537 3671 minime
554 3619 632 3673 laude
652 3622 739 3674 floruit
767 3625 868 3686 (Horat.
888 3625 940 3676 Sat.
962 3623 981 3676 Ι.
1001 3624 1041 3686 10,
1059 3623 1103 3675 82.
1121 3620 1214 3673 Tibuli.
1236 3619 1279 3684 lv,
1302 3620 1407 3685 1,180:

302 3688 426 3757 „Valgius
435 3730 444 3756 ,
468 3699 575 3744 aeterno
593 3695 699 3760 propior
715 3709 767 3745 nou
788 3694 854 3746 aiter
871 3695 1040 3761 Homero.‘⁴);
1068 3708 1126 3744 num
1149 3697 1252 3761 praeter
1271 3690 1406 3742 rhetoric!

304 3768 331 3810 et
351 3763 516 3828 grammatino
544 3764 627 3814 modia
650 3773 678 3834 ot
697 3767 801 3832 scripsit
823 3781 888 3832 opus
916 3766 948 3817 de
966 3781 1015 3815 usu
1040 3763 1176 3815 herbarum
1194 3761 1226 3813 ud
1243 3764 1404 3829 Augustum,

305 3838 332 3881 et
353 3833 462 3882 tentavit
480 3832 579 3900 elegius
601 3842 626 3886 et
645 3835 719 3903 opion
735 3837 855 3888 corrnina.
892 3836 925 3886 Et
934 3837 977 3887 uix
996 3834 1162 3886 dubitandum
1182 3840 1230 3899 est,
1248 3835 1311 3900 quin
1335 3833 1405 3884 idem

304 3901 412 3969 Valgius
432 3902 527 3968 inerit,
555 3907 598 3972 qui
619 3920 641 3960 a.
658 3907 710 3960 742
728 3924 809 3959 senex
830 3907 861 3958 nd
880 3923 1005 3958 summum
1024 3905 1147 3957 honorem
1167 3903 1318 3955 consulatus
1339 3919 1402 3971 per·

305 3974 415 4024 venerit.
452 3974 503 4037 Qui
523 3989 580 4026 cum
601 3976 698 4042 birote,
716 3993 797 4044 puero
816 3978 930 4041 dilecto,
950 3986 1051 4029 mortuo
1071 3977 1149 4027 nimio
1169 3974 1333 4027 retruderet
1354 3975 1403 4026 do·

304 4042 353 4094 lori
376 4060 462 4112 nequo
479 4045 541 4113 quid
560 4048 689 4099 emisisset
710 4049 862 4117 lugubribus
888 4048 1043 4100 carminibus
1069 4047 1161 4115 lugere
1187 4061 1299 4114 unquam
1331 4045 1402 4099 desi·

305 4122 397 4178 neret,
419 4114 499 4166 luctui
520 4130 624 4184 quoque
642 4127 669 4170 et
685 4117 768 4171 dolori
789 4119 892 4171 modum
914 4136 972 4172 esse
992 4119 1137 4187 ponendum
1159 4117 1191 4169 ab
1208 4117 1315 4168 llorutio
1336 4117 1403 4167 ami·

305 4199 336 4233 ce
354 4193 481 4236 monetur.
525 4186 553 4238 ld
580 4204 625 4240 cur
649 4192 826 4244 necessarium
854 4193 906 4255 sit,
926 4189 1043 4242 'docetur
1072 4188 1198 4255 erenrpiir
1228 4189 1340 4256 primum
1368 4202 1400 4238 ex

302 4262 394 4305 nutum
413 4270 497 4306 rerum
515 4256 608 4309 deinde
629 4276 661 4312 er
680 4261 841 4330 mythologie
860 4263 963 4329 petitis3
985 4277 1094 4328 quorum
1116 4261 1255 4311 auctoritas
1268 4274 1321 4325 quo
1340 4257 1399 4308 essi-

304 4327 391 4376 cncior
408 4324 461 4389 but,
478 4325 625 4396 adiungitur
642 4331 795 4396 adhortatio,
812 4341 841 4384 ut
859 4332 928 4383 uliud
949 4333 998 4384 sibi
1015 4331 1120 4400 Valgius
1135 4330 1243 4382 currendi
1257 4343 1398 4397 argumen-

305 4404 357 4446 tum
375 4404 482 4464 quoerut
498 4398 530 4450 nd
546 4402 676 4470 vitamque
693 4406 805 4454 animum
824 4403 938 4454 redueat.
976 4403 1062 4466 Quare
1083 4410 1160 4469 caput
1180 4402 1300 4454 carminis
1320 4407 1359 4451 eet
1371 4399 1398 4448 in

304 4467 430 4538 erigendo
448 4469 534 4520 animo
555 4480 581 4520 et
599 4474 790 4541 compescendo
811 4474 918 4536 doior03
950 4490 1001 4525 non
1027 4475 1122 4526 decoro
1146 4474 1228 4524 virum
1257 4471 1401 4541 asperitato
