<?xml version="1.0" encoding="UTF-8"?>
<!DOCTYPE html PUBLIC "-//W3C//DTD XHTML 1.0 Transitional//EN"
    "http://www.w3.org/TR/xhtml1/DTD/xhtml1-transitional.dtd">
<html xmlns="http://www.w3.org/1999/xhtml" xml:lang="en" lang="en">
 <head>
  <title>
</title>
<meta http-equiv="Content-Type" content="text/html;charset=utf-8" />
  <meta name='ocr-system' content='tesseract 3.04.00' />
  <meta name='ocr-capabilities' content='ocr_page ocr_carea ocr_par ocr_line ocrx_word'/>
</head>
<body>
  <div class='ocr_page' id='page_1' title='image "./operaomnia00dillgoog_0199.png"; bbox 0 0 3117 5042; ppageno 0'>
   <div class='ocr_carea' id='block_1_1' title="bbox 412 393 972 466">
    <p class='ocr_par' dir='ltr' id='par_1_1' title="bbox 412 393 972 466">
     <span class='ocr_line' id='line_1_1' title="bbox 412 393 972 466; baseline 0.011 -7"><span class='ocrx_word' id='word_1_1' title='bbox 412 394 505 460; x_wconf 73' lang='lat' dir='ltr'><strong>hita</strong></span> <span class='ocrx_word' id='word_1_2' title='bbox 527 393 579 462; x_wconf 78' lang='lat' dir='ltr'><strong>tit</strong></span> <span class='ocrx_word' id='word_1_3' title='bbox 626 396 777 464; x_wconf 71' lang='grc' dir='ltr'><strong>(ΙᾹΙΙΙ.</strong></span> <span class='ocrx_word' id='word_1_4' title='bbox 799 401 901 464; x_wconf 84' lang='lat' dir='ltr'><strong>tx.-</strong></span> <span class='ocrx_word' id='word_1_5' title='bbox 918 404 972 466; x_wconf 86' lang='grc' dir='ltr'><strong>ΧΙ.</strong></span> 
     </span>
    </p>
   </div>
   <div class='ocr_carea' id='block_1_2' title="bbox 288 578 956 879">
    <p class='ocr_par' dir='ltr' id='par_1_2' title="bbox 288 578 956 879">
     <span class='ocr_line' id='line_1_2' title="bbox 288 578 944 650; baseline 0.009 -9"><span class='ocrx_word' id='word_1_6' title='bbox 288 595 320 643; x_wconf 85' lang='lat' dir='ltr'><strong>so</strong></span> <span class='ocrx_word' id='word_1_7' title='bbox 339 578 386 643; x_wconf 78' lang='lat' dir='ltr'><strong>tte</strong></span> <span class='ocrx_word' id='word_1_8' title='bbox 406 584 551 644; x_wconf 77' lang='lat' dir='ltr'><strong>cemento</strong></span> <span class='ocrx_word' id='word_1_9' title='bbox 571 585 657 644; x_wconf 72' lang='lat' dir='ltr'><strong>retro</strong></span> <span class='ocrx_word' id='word_1_10' title='bbox 676 581 761 646; x_wconf 85' lang='lat' dir='ltr'><strong>lusis</strong></span> <span class='ocrx_word' id='word_1_11' title='bbox 781 589 833 646; x_wconf 73' lang='lat' dir='ltr'><strong>est</strong></span> <span class='ocrx_word' id='word_1_12' title='bbox 854 589 944 650; x_wconf 80' lang='lat' dir='ltr'><strong>rota:</strong></span> 
     </span>
     <span class='ocr_line' id='line_1_3' title="bbox 344 687 956 776; baseline 0.007 -24"><span class='ocrx_word' id='word_1_13' title='bbox 344 687 414 758; x_wconf 79' lang='lat' dir='ltr'><strong>lios</strong></span> <span class='ocrx_word' id='word_1_14' title='bbox 433 691 467 748; x_wconf 84' lang='lat' dir='ltr'><strong>te</strong></span> <span class='ocrx_word' id='word_1_15' title='bbox 485 687 660 769; x_wconf 82' lang='lat' dir='ltr'><strong>Penelopes</strong></span> <span class='ocrx_word' id='word_1_16' title='bbox 678 687 835 753; x_wconf 76' lang='lat' dir='ltr'><strong>difficilem</strong></span> <span class='ocrx_word' id='word_1_17' title='bbox 853 692 956 776; x_wconf 83' lang='lat' dir='ltr'><strong>procis</strong></span> 
     </span>
     <span class='ocr_line' id='line_1_4' title="bbox 428 792 887 879; baseline 0.011 -22"><span class='ocrx_word' id='word_1_18' title='bbox 428 792 612 872; x_wconf 74' lang='lat' dir='ltr'><strong>Tyrrhenus</strong></span> <span class='ocrx_word' id='word_1_19' title='bbox 631 796 740 878; x_wconf 74' lang='lat' dir='ltr'><strong>genuit</strong></span> <span class='ocrx_word' id='word_1_20' title='bbox 763 815 887 879; x_wconf 84' lang='lat' dir='ltr'><strong>parens.</strong></span> 
     </span>
    </p>
   </div>
   <div class='ocr_carea' id='block_1_3' title="bbox 286 940 1058 1348">
    <p class='ocr_par' dir='ltr' id='par_1_3' title="bbox 286 940 1058 1348">
     <span class='ocr_line' id='line_1_5' title="bbox 344 940 1058 1030; baseline 0.021 -28"><span class='ocrx_word' id='word_1_21' title='bbox 344 940 371 1002; x_wconf 86' lang='grc'><strong>0</strong></span> <span class='ocrx_word' id='word_1_22' title='bbox 390 940 531 1022; x_wconf 77' lang='lat' dir='ltr'><strong>quentis</strong></span> <span class='ocrx_word' id='word_1_23' title='bbox 550 959 648 1026; x_wconf 76' lang='lat' dir='ltr'><strong>neque</strong></span> <span class='ocrx_word' id='word_1_24' title='bbox 667 950 700 1006; x_wconf 88' lang='lat' dir='ltr'><strong>te</strong></span> <span class='ocrx_word' id='word_1_25' title='bbox 721 963 850 1014; x_wconf 83' lang='lat' dir='ltr'><strong>nonem</strong></span> <span class='ocrx_word' id='word_1_26' title='bbox 872 965 930 1010; x_wconf 86' lang='lat' dir='ltr'><strong>nec</strong></span> <span class='ocrx_word' id='word_1_27' title='bbox 948 965 1058 1030; x_wconf 78' lang='lat' dir='ltr'><strong>preses</strong></span> 
     </span>
     <span class='ocr_line' id='line_1_6' title="bbox 340 1048 981 1138; baseline 0.016 -27"><span class='ocrx_word' id='word_1_28' title='bbox 340 1048 405 1111; x_wconf 82' lang='lat' dir='ltr'><strong>llee</strong></span> <span class='ocrx_word' id='word_1_29' title='bbox 426 1048 540 1113; x_wconf 83' lang='lat' dir='ltr'><strong>tinctos</strong></span> <span class='ocrx_word' id='word_1_30' title='bbox 563 1050 649 1114; x_wconf 85' lang='lat' dir='ltr'><strong>viola</strong></span> <span class='ocrx_word' id='word_1_31' title='bbox 668 1052 774 1133; x_wconf 89' lang='lat' dir='ltr'><strong>pallor</strong></span> <span class='ocrx_word' id='word_1_32' title='bbox 794 1055 981 1138; x_wconf 76' lang='lat' dir='ltr'><strong>amantium,</strong></span> 
     </span>
     <span class='ocr_line' id='line_1_7' title="bbox 286 1154 869 1239; baseline 0.019 -25"><span class='ocrx_word' id='word_1_33' title='bbox 286 1168 316 1216; x_wconf 85' lang='lat' dir='ltr'><strong>st</strong></span> <span class='ocrx_word' id='word_1_34' title='bbox 335 1154 400 1219; x_wconf 87' lang='lat' dir='ltr'><strong>blec</strong></span> <span class='ocrx_word' id='word_1_35' title='bbox 419 1155 470 1219; x_wconf 83' lang='lat' dir='ltr'><strong>uir</strong></span> <span class='ocrx_word' id='word_1_36' title='bbox 490 1156 592 1221; x_wconf 83' lang='lat' dir='ltr'><strong>Pieris</strong></span> <span class='ocrx_word' id='word_1_37' title='bbox 613 1159 725 1239; x_wconf 80' lang='lat' dir='ltr'><strong>pellice</strong></span> <span class='ocrx_word' id='word_1_38' title='bbox 746 1161 869 1225; x_wconf 83' lang='lat' dir='ltr'><strong>saueius</strong></span> 
     </span>
     <span class='ocr_line' id='line_1_8' title="bbox 422 1261 852 1348; baseline 0.019 -23"><span class='ocrx_word' id='word_1_39' title='bbox 422 1261 562 1342; x_wconf 73' lang='lat' dir='ltr'><strong>Currat,</strong></span> <span class='ocrx_word' id='word_1_40' title='bbox 581 1266 770 1348; x_wconf 79' lang='lat' dir='ltr'><strong>supplicibus</strong></span> <span class='ocrx_word' id='word_1_41' title='bbox 791 1269 852 1332; x_wconf 83' lang='lat' dir='ltr'><strong>tuis</strong></span> 
     </span>
    </p>
   </div>
   <div class='ocr_carea' id='block_1_4' title="bbox 286 1410 1044 1822">
    <p class='ocr_par' dir='ltr' id='par_1_4' title="bbox 339 1410 950 1497">
     <span class='ocr_line' id='line_1_9' title="bbox 339 1410 950 1497; baseline 0.013 -22"><span class='ocrx_word' id='word_1_42' title='bbox 339 1410 456 1486; x_wconf 65' lang='lat' dir='ltr'><strong>uires</strong></span> <span class='ocrx_word' id='word_1_43' title='bbox 475 1430 533 1476; x_wconf 82' lang='lat' dir='ltr'><strong>nec</strong></span> <span class='ocrx_word' id='word_1_44' title='bbox 553 1413 659 1497; x_wconf 73' lang='lat' dir='ltr'><strong>rigida</strong></span> <span class='ocrx_word' id='word_1_45' title='bbox 679 1416 803 1482; x_wconf 78' lang='lat' dir='ltr'><strong>nullior</strong></span> <span class='ocrx_word' id='word_1_46' title='bbox 825 1419 950 1482; x_wconf 68' lang='lat' dir='ltr'><strong>amenio</strong></span> 
     </span>
    </p>

    <p class='ocr_par' dir='ltr' id='par_1_5' title="bbox 337 1518 1002 1609">
     <span class='ocr_line' id='line_1_10' title="bbox 337 1518 1002 1609; baseline 0.017 -26"><span class='ocrx_word' id='word_1_47' title='bbox 337 1518 402 1583; x_wconf 78' lang='lat' dir='ltr'><strong>ree</strong></span> <span class='ocrx_word' id='word_1_48' title='bbox 419 1519 541 1584; x_wconf 79' lang='lat' dir='ltr'><strong>bicaris</strong></span> <span class='ocrx_word' id='word_1_49' title='bbox 561 1523 694 1588; x_wconf 78' lang='lat' dir='ltr'><strong>aninum</strong></span> <span class='ocrx_word' id='word_1_50' title='bbox 713 1523 818 1589; x_wconf 80' lang='lat' dir='ltr'><strong>mitior</strong></span> <span class='ocrx_word' id='word_1_51' title='bbox 839 1527 1002 1609; x_wconf 60' lang='lat' dir='ltr'><strong>mutus.</strong></span> 
     </span>
    </p>

    <p class='ocr_par' dir='ltr' id='par_1_6' title="bbox 286 1627 1044 1822">
     <span class='ocr_line' id='line_1_11' title="bbox 339 1627 1044 1718; baseline 0.011 -28"><span class='ocrx_word' id='word_1_52' title='bbox 339 1627 408 1692; x_wconf 81' lang='lat' dir='ltr'><strong>Non</strong></span> <span class='ocrx_word' id='word_1_53' title='bbox 429 1627 488 1690; x_wconf 87' lang='lat' dir='ltr'><strong>hoc</strong></span> <span class='ocrx_word' id='word_1_54' title='bbox 506 1646 629 1711; x_wconf 72' lang='lat' dir='ltr'><strong>semper</strong></span> <span class='ocrx_word' id='word_1_55' title='bbox 648 1632 710 1694; x_wconf 89' lang='lat' dir='ltr'><strong>erit</strong></span> <span class='ocrx_word' id='word_1_56' title='bbox 730 1631 845 1697; x_wconf 85' lang='lat' dir='ltr'><strong>liminis</strong></span> <span class='ocrx_word' id='word_1_57' title='bbox 867 1641 922 1698; x_wconf 87' lang='lat' dir='ltr'><strong>sut</strong></span> <span class='ocrx_word' id='word_1_58' title='bbox 944 1652 1044 1718; x_wconf 83' lang='lat' dir='ltr'><strong>aquae</strong></span> 
     </span>
     <span class='ocr_line' id='line_1_12' title="bbox 286 1734 829 1822; baseline 0.015 -25"><span class='ocrx_word' id='word_1_59' title='bbox 286 1748 319 1797; x_wconf 84' lang='lat' dir='ltr'><strong>so</strong></span> <span class='ocrx_word' id='word_1_60' title='bbox 420 1734 574 1801; x_wconf 76' lang='lat' dir='ltr'><strong>coelestis</strong></span> <span class='ocrx_word' id='word_1_61' title='bbox 593 1738 717 1822; x_wconf 78' lang='lat' dir='ltr'><strong>petiens</strong></span> <span class='ocrx_word' id='word_1_62' title='bbox 737 1741 829 1805; x_wconf 78' lang='lat' dir='ltr'><strong>letus.</strong></span> 
     </span>
    </p>
   </div>
   <div class='ocr_carea' id='block_1_5' title="bbox 583 1927 782 1943">
    <p class='ocr_par' dir='ltr' id='par_1_7' title="bbox 583 1927 782 1943">
     <span class='ocr_line' id='line_1_13' title="bbox 583 1927 782 1943; baseline 0.03 -4"><span class='ocrx_word' id='word_1_63' title='bbox 583 1927 782 1943; x_wconf 45' lang='grc' dir='ltr'><strong>..ινφ-Ι·-</strong></span> 
     </span>
    </p>
   </div>
   <div class='ocr_carea' id='block_1_6' title="bbox 548 2078 839 2156">
    <p class='ocr_par' dir='ltr' id='par_1_8' title="bbox 548 2078 839 2156">
     <span class='ocr_line' id='line_1_14' title="bbox 548 2078 839 2156; baseline 0 -3"><span class='ocrx_word' id='word_1_64' title='bbox 548 2078 749 2156; x_wconf 79' lang='lat' dir='ltr'><strong>Carmen</strong></span> <span class='ocrx_word' id='word_1_65' title='bbox 780 2083 839 2155; x_wconf 88' lang='lat' dir='ltr'><strong>Xl.</strong></span> 
     </span>
    </p>
   </div>
   <div class='ocr_carea' id='block_1_7' title="bbox 338 2240 933 2434">
    <p class='ocr_par' dir='ltr' id='par_1_9' title="bbox 338 2240 933 2434">
     <span class='ocr_line' id='line_1_15' title="bbox 338 2240 931 2329; baseline 0.013 -26"><span class='ocrx_word' id='word_1_66' title='bbox 338 2240 484 2320; x_wconf 72' lang='lat' dir='ltr'><strong>Mercuri</strong></span> <span class='ocrx_word' id='word_1_67' title='bbox 504 2261 575 2307; x_wconf 88' lang='lat' dir='ltr'><strong>narn</strong></span> <span class='ocrx_word' id='word_1_68' title='bbox 596 2250 628 2308; x_wconf 85' lang='lat' dir='ltr'><strong>te</strong></span> <span class='ocrx_word' id='word_1_69' title='bbox 651 2245 762 2310; x_wconf 84' lang='lat' dir='ltr'><strong>docilis</strong></span> <span class='ocrx_word' id='word_1_70' title='bbox 780 2246 931 2329; x_wconf 71' lang='lat' dir='ltr'><strong>magistro</strong></span> 
     </span>
     <span class='ocr_line' id='line_1_16' title="bbox 339 2349 933 2434; baseline 0.008 -22"><span class='ocrx_word' id='word_1_71' title='bbox 339 2349 437 2413; x_wconf 84' lang='lat' dir='ltr'><strong>blouit</strong></span> <span class='ocrx_word' id='word_1_72' title='bbox 457 2351 609 2434; x_wconf 79' lang='lat' dir='ltr'><strong>Amphion</strong></span> <span class='ocrx_word' id='word_1_73' title='bbox 630 2352 750 2434; x_wconf 81' lang='lat' dir='ltr'><strong>lepidos</strong></span> <span class='ocrx_word' id='word_1_74' title='bbox 771 2351 933 2433; x_wconf 85' lang='lat' dir='ltr'><strong>canendo,</strong></span> 
     </span>
    </p>
   </div>
   <div class='ocr_carea' id='block_1_8' title="bbox 130 2512 1232 3791">
    <p class='ocr_par' dir='ltr' id='par_1_10' title="bbox 130 2512 1232 3791">
     <span class='ocr_line' id='line_1_17' title="bbox 205 2512 1231 2585; baseline 0.003 -20"><span class='ocrx_word' id='word_1_75' title='bbox 205 2513 239 2566; x_wconf 76' lang='lat' dir='ltr'><strong>V.</strong></span> <span class='ocrx_word' id='word_1_76' title='bbox 259 2512 302 2565; x_wconf 87' lang='lat' dir='ltr'><strong>lo.</strong></span> <span class='ocrx_word' id='word_1_77' title='bbox 331 2512 498 2565; x_wconf 81' lang='lat' dir='ltr'><strong>Provcrhium</strong></span> <span class='ocrx_word' id='word_1_78' title='bbox 517 2513 567 2567; x_wconf 88' lang='lat' dir='ltr'><strong>boc</strong></span> <span class='ocrx_word' id='word_1_79' title='bbox 585 2514 692 2567; x_wconf 80' lang='lat' dir='ltr'><strong>difficile</strong></span> <span class='ocrx_word' id='word_1_80' title='bbox 712 2515 744 2568; x_wconf 80' lang='lat' dir='ltr'><strong>ud</strong></span> <span class='ocrx_word' id='word_1_81' title='bbox 761 2516 998 2583; x_wconf 66' lang='lat' dir='ltr'><strong>interpretandum</strong></span> <span class='ocrx_word' id='word_1_82' title='bbox 1030 2516 1126 2585; x_wconf 83' lang='lat' dir='ltr'><strong>optime</strong></span> <span class='ocrx_word' id='word_1_83' title='bbox 1146 2515 1231 2568; x_wconf 81' lang='lat' dir='ltr'><strong>lamen</strong></span> 
     </span>
     <span class='ocr_line' id='line_1_18' title="bbox 137 2584 1231 2655; baseline 0.003 -20"><span class='ocrx_word' id='word_1_84' title='bbox 137 2599 171 2636; x_wconf 83' lang='lat' dir='ltr'><strong>es</strong></span> <span class='ocrx_word' id='word_1_85' title='bbox 189 2585 371 2636; x_wconf 79' lang='lat' dir='ltr'><strong>videturesse</strong></span> <span class='ocrx_word' id='word_1_86' title='bbox 388 2586 463 2647; x_wconf 82' lang='lat' dir='ltr'><strong>ratio,</strong></span> <span class='ocrx_word' id='word_1_87' title='bbox 481 2601 549 2653; x_wconf 90' lang='lat' dir='ltr'><strong>quae</strong></span> <span class='ocrx_word' id='word_1_88' title='bbox 567 2586 600 2637; x_wconf 90' lang='lat' dir='ltr'><strong>ab</strong></span> <span class='ocrx_word' id='word_1_89' title='bbox 618 2586 763 2639; x_wconf 86' lang='lat' dir='ltr'><strong>hominibus</strong></span> <span class='ocrx_word' id='word_1_90' title='bbox 783 2587 879 2638; x_wconf 85' lang='lat' dir='ltr'><strong>molem</strong></span> <span class='ocrx_word' id='word_1_91' title='bbox 899 2587 1012 2655; x_wconf 77' lang='lat' dir='ltr'><strong>aliqum</strong></span> <span class='ocrx_word' id='word_1_92' title='bbox 1029 2584 1164 2637; x_wconf 80' lang='lat' dir='ltr'><strong>machinae</strong></span> <span class='ocrx_word' id='word_1_93' title='bbox 1175 2595 1231 2638; x_wconf 79' lang='lat' dir='ltr'><strong>rota</strong></span> 
     </span>
     <span class='ocr_line' id='line_1_19' title="bbox 133 2655 1232 2724; baseline 0.003 -18"><span class='ocrx_word' id='word_1_94' title='bbox 133 2656 280 2707; x_wconf 78' lang='lat' dir='ltr'><strong>instructae</strong></span> <span class='ocrx_word' id='word_1_95' title='bbox 300 2668 352 2722; x_wconf 91' lang='lat' dir='ltr'><strong>ope</strong></span> <span class='ocrx_word' id='word_1_96' title='bbox 370 2657 396 2706; x_wconf 90' lang='lat' dir='ltr'><strong>in</strong></span> <span class='ocrx_word' id='word_1_97' title='bbox 413 2655 524 2707; x_wconf 88' lang='lat' dir='ltr'><strong>sublime</strong></span> <span class='ocrx_word' id='word_1_98' title='bbox 544 2656 703 2708; x_wconf 73' lang='lat' dir='ltr'><strong>trahentibus</strong></span> <span class='ocrx_word' id='word_1_99' title='bbox 722 2659 803 2724; x_wconf 87' lang='lat' dir='ltr'><strong>petita</strong></span> <span class='ocrx_word' id='word_1_100' title='bbox 820 2666 868 2710; x_wconf 86' lang='lat' dir='ltr'><strong>est.</strong></span> <span class='ocrx_word' id='word_1_101' title='bbox 898 2658 951 2708; x_wconf 91' lang='lat' dir='ltr'><strong>·lis</strong></span> <span class='ocrx_word' id='word_1_102' title='bbox 975 2658 1043 2708; x_wconf 86' lang='lat' dir='ltr'><strong>enim</strong></span> <span class='ocrx_word' id='word_1_103' title='bbox 1064 2657 1132 2708; x_wconf 85' lang='lat' dir='ltr'><strong>lunis</strong></span> <span class='ocrx_word' id='word_1_104' title='bbox 1150 2671 1232 2723; x_wconf 83' lang='lat' dir='ltr'><strong>saepe</strong></span> 
     </span>
     <span class='ocr_line' id='line_1_20' title="bbox 134 2724 1231 2797; baseline 0 -18"><span class='ocrx_word' id='word_1_105' title='bbox 134 2726 178 2779; x_wconf 78' lang='lat' dir='ltr'><strong>vel</strong></span> <span class='ocrx_word' id='word_1_106' title='bbox 199 2724 338 2777; x_wconf 70' lang='lat' dir='ltr'><strong>machinae</strong></span> <span class='ocrx_word' id='word_1_107' title='bbox 356 2726 516 2778; x_wconf 77' lang='lat' dir='ltr'><strong>manubrium</strong></span> <span class='ocrx_word' id='word_1_108' title='bbox 537 2742 552 2779; x_wconf 88' lang='lat' dir='ltr'><strong>e</strong></span> <span class='ocrx_word' id='word_1_109' title='bbox 571 2727 688 2778; x_wconf 85' lang='lat' dir='ltr'><strong>manibus</strong></span> <span class='ocrx_word' id='word_1_110' title='bbox 710 2728 838 2791; x_wconf 81' lang='lat' dir='ltr'><strong>elabitur3</strong></span> <span class='ocrx_word' id='word_1_111' title='bbox 864 2743 916 2797; x_wconf 89' lang='lat' dir='ltr'><strong>quo</strong></span> <span class='ocrx_word' id='word_1_112' title='bbox 935 2729 1004 2779; x_wconf 84' lang='lat' dir='ltr'><strong>lecto</strong></span> <span class='ocrx_word' id='word_1_113' title='bbox 1021 2736 1091 2779; x_wconf 91' lang='lat' dir='ltr'><strong>retro</strong></span> <span class='ocrx_word' id='word_1_114' title='bbox 1109 2736 1231 2779; x_wconf 78' lang='lat' dir='ltr'><strong>sumente</strong></span> 
     </span>
     <span class='ocr_line' id='line_1_21' title="bbox 133 2795 1230 2865; baseline 0.001 -17"><span class='ocrx_word' id='word_1_115' title='bbox 133 2806 193 2848; x_wconf 71' lang='lat' dir='ltr'><strong>rota</strong></span> <span class='ocrx_word' id='word_1_116' title='bbox 209 2805 281 2848; x_wconf 89' lang='lat' dir='ltr'><strong>retro</strong></span> <span class='ocrx_word' id='word_1_117' title='bbox 300 2798 321 2848; x_wconf 92' lang='lat' dir='ltr'><strong>it</strong></span> <span class='ocrx_word' id='word_1_118' title='bbox 339 2795 407 2848; x_wconf 81' lang='lat' dir='ltr'><strong>lunis</strong></span> <span class='ocrx_word' id='word_1_119' title='bbox 427 2796 574 2865; x_wconf 80' lang='lat' dir='ltr'><strong>deciditque</strong></span> <span class='ocrx_word' id='word_1_120' title='bbox 594 2798 717 2851; x_wconf 76' lang='lat' dir='ltr'><strong>trahenda</strong></span> <span class='ocrx_word' id='word_1_121' title='bbox 726 2800 818 2851; x_wconf 89' lang='lat' dir='ltr'><strong>moles.</strong></span> <span class='ocrx_word' id='word_1_122' title='bbox 840 2801 913 2863; x_wconf 84' lang='lat' dir='ltr'><strong>Quae</strong></span> <span class='ocrx_word' id='word_1_123' title='bbox 922 2801 989 2850; x_wconf 76' lang='lat' dir='ltr'><strong>ratio</strong></span> <span class='ocrx_word' id='word_1_124' title='bbox 999 2800 1022 2850; x_wconf 92' lang='lat' dir='ltr'><strong>si</strong></span> <span class='ocrx_word' id='word_1_125' title='bbox 1036 2813 1097 2849; x_wconf 77' lang='lat' dir='ltr'><strong>vere</strong></span> <span class='ocrx_word' id='word_1_126' title='bbox 1106 2806 1154 2862; x_wconf 86' lang='lat' dir='ltr'><strong>est,</strong></span> <span class='ocrx_word' id='word_1_127' title='bbox 1172 2805 1230 2849; x_wconf 85' lang='lat' dir='ltr'><strong>rota</strong></span> 
     </span>
     <span class='ocr_line' id='line_1_22' title="bbox 133 2866 1230 2938; baseline 0.003 -21"><span class='ocrx_word' id='word_1_128' title='bbox 133 2877 205 2918; x_wconf 82' lang='lat' dir='ltr'><strong>retro</strong></span> <span class='ocrx_word' id='word_1_129' title='bbox 228 2866 338 2919; x_wconf 87' lang='lat' dir='ltr'><strong>cedente</strong></span> <span class='ocrx_word' id='word_1_130' title='bbox 357 2868 518 2935; x_wconf 76' lang='lat' dir='ltr'><strong>significatur</strong></span> <span class='ocrx_word' id='word_1_131' title='bbox 535 2868 709 2935; x_wconf 78' lang='lat' dir='ltr'><strong>pulchritudo,</strong></span> <span class='ocrx_word' id='word_1_132' title='bbox 729 2886 797 2938; x_wconf 86' lang='lat' dir='ltr'><strong>quoa</strong></span> <span class='ocrx_word' id='word_1_133' title='bbox 814 2869 991 2921; x_wconf 83' lang='lat' dir='ltr'><strong>crescentibus</strong></span> <span class='ocrx_word' id='word_1_134' title='bbox 1013 2870 1086 2920; x_wconf 87' lang='lat' dir='ltr'><strong>aunis</strong></span> <span class='ocrx_word' id='word_1_135' title='bbox 1107 2866 1230 2934; x_wconf 86' lang='lat' dir='ltr'><strong>paulatim</strong></span> 
     </span>
     <span class='ocr_line' id='line_1_23' title="bbox 133 2937 1231 3008; baseline 0 -19"><span class='ocrx_word' id='word_1_136' title='bbox 133 2940 280 3001; x_wconf 77' lang='lat' dir='ltr'><strong>minuitur3</strong></span> <span class='ocrx_word' id='word_1_137' title='bbox 297 2938 380 2990; x_wconf 84' lang='lat' dir='ltr'><strong>moles</strong></span> <span class='ocrx_word' id='word_1_138' title='bbox 399 2954 466 3008; x_wconf 80' lang='lat' dir='ltr'><strong>quse</strong></span> <span class='ocrx_word' id='word_1_139' title='bbox 484 2939 592 2991; x_wconf 86' lang='lat' dir='ltr'><strong>trahitur</strong></span> <span class='ocrx_word' id='word_1_140' title='bbox 610 2941 667 3006; x_wconf 88' lang='lat' dir='ltr'><strong>ipsa</strong></span> <span class='ocrx_word' id='word_1_141' title='bbox 685 2948 726 2993; x_wconf 81' lang='lat' dir='ltr'><strong>est</strong></span> <span class='ocrx_word' id='word_1_142' title='bbox 745 2948 852 3002; x_wconf 81' lang='lat' dir='ltr'><strong>amator,</strong></span> <span class='ocrx_word' id='word_1_143' title='bbox 870 2940 938 2990; x_wconf 89' lang='lat' dir='ltr'><strong>lunis</strong></span> <span class='ocrx_word' id='word_1_144' title='bbox 949 2955 982 2989; x_wconf 84' lang='lat' dir='ltr'><strong>ex</strong></span> <span class='ocrx_word' id='word_1_145' title='bbox 997 2937 1113 2989; x_wconf 86' lang='lat' dir='ltr'><strong>manibus</strong></span> <span class='ocrx_word' id='word_1_146' title='bbox 1126 2937 1231 3004; x_wconf 86' lang='lat' dir='ltr'><strong>puellae</strong></span> 
     </span>
     <span class='ocr_line' id='line_1_24' title="bbox 134 3008 1232 3078; baseline -0.001 -19"><span class='ocrx_word' id='word_1_147' title='bbox 134 3008 247 3061; x_wconf 83' lang='lat' dir='ltr'><strong>elabens</strong></span> <span class='ocrx_word' id='word_1_148' title='bbox 262 3023 335 3061; x_wconf 76' lang='lat' dir='ltr'><strong>amor</strong></span> <span class='ocrx_word' id='word_1_149' title='bbox 355 3018 413 3074; x_wconf 88' lang='lat' dir='ltr'><strong>est,</strong></span> <span class='ocrx_word' id='word_1_150' title='bbox 433 3024 486 3078; x_wconf 84' lang='lat' dir='ltr'><strong>quo</strong></span> <span class='ocrx_word' id='word_1_151' title='bbox 510 3017 539 3061; x_wconf 87' lang='lat' dir='ltr'><strong>ut</strong></span> <span class='ocrx_word' id='word_1_152' title='bbox 559 3009 621 3060; x_wconf 78' lang='lat' dir='ltr'><strong>fune</strong></span> <span class='ocrx_word' id='word_1_153' title='bbox 638 3010 721 3062; x_wconf 88' lang='lat' dir='ltr'><strong>moles</strong></span> <span class='ocrx_word' id='word_1_154' title='bbox 738 3013 778 3063; x_wconf 88' lang='lat' dir='ltr'><strong>sic</strong></span> <span class='ocrx_word' id='word_1_155' title='bbox 795 3018 893 3062; x_wconf 86' lang='lat' dir='ltr'><strong>amator</strong></span> <span class='ocrx_word' id='word_1_156' title='bbox 911 3017 1019 3061; x_wconf 87' lang='lat' dir='ltr'><strong>tenetur.</strong></span> <span class='ocrx_word' id='word_1_157' title='bbox 1057 3009 1143 3071; x_wconf 81' lang='lat' dir='ltr'><strong>Quare</strong></span> <span class='ocrx_word' id='word_1_158' title='bbox 1160 3017 1232 3059; x_wconf 86' lang='lat' dir='ltr'><strong>recte</strong></span> 
     </span>
     <span class='ocr_line' id='line_1_25' title="bbox 134 3076 1232 3148; baseline -0.001 -17"><span class='ocrx_word' id='word_1_159' title='bbox 134 3089 209 3131; x_wconf 82' lang='lat' dir='ltr'><strong>retro</strong></span> <span class='ocrx_word' id='word_1_160' title='bbox 231 3080 382 3132; x_wconf 85' lang='lat' dir='ltr'><strong>adverbium</strong></span> <span class='ocrx_word' id='word_1_161' title='bbox 399 3082 512 3147; x_wconf 86' lang='lat' dir='ltr'><strong>positum</strong></span> <span class='ocrx_word' id='word_1_162' title='bbox 531 3089 571 3131; x_wconf 86' lang='lat' dir='ltr'><strong>est</strong></span> <span class='ocrx_word' id='word_1_163' title='bbox 589 3076 645 3135; x_wconf 79' lang='lat' dir='ltr'><strong>n&#39;no&#39;</strong></span> <span class='ocrx_word' id='word_1_164' title='bbox 668 3081 780 3144; x_wconf 74' lang='grc' dir='ltr'><strong>κοινοῦ,</strong></span> <span class='ocrx_word' id='word_1_165' title='bbox 797 3095 884 3148; x_wconf 87' lang='lat' dir='ltr'><strong>neque</strong></span> <span class='ocrx_word' id='word_1_166' title='bbox 903 3077 1068 3146; x_wconf 88' lang='lat' dir='ltr'><strong>recipiendus</strong></span> <span class='ocrx_word' id='word_1_167' title='bbox 1086 3078 1152 3129; x_wconf 86' lang='lat' dir='ltr'><strong>alter</strong></span> <span class='ocrx_word' id='word_1_168' title='bbox 1170 3094 1232 3130; x_wconf 83' lang='lat' dir='ltr'><strong>ver·</strong></span> 
     </span>
     <span class='ocr_line' id='line_1_26' title="bbox 134 3147 1228 3218; baseline -0.002 -16"><span class='ocrx_word' id='word_1_169' title='bbox 134 3149 229 3202; x_wconf 88' lang='lat' dir='ltr'><strong>borum</strong></span> <span class='ocrx_word' id='word_1_170' title='bbox 249 3151 330 3202; x_wconf 87' lang='lat' dir='ltr'><strong>ordo:</strong></span> <span class='ocrx_word' id='word_1_171' title='bbox 347 3168 380 3202; x_wconf 86' lang='lat' dir='ltr'><strong>sse</strong></span> <span class='ocrx_word' id='word_1_172' title='bbox 391 3159 511 3203; x_wconf 70' lang='lat' dir='ltr'><strong>canente</strong></span> <span class='ocrx_word' id='word_1_173' title='bbox 522 3159 581 3203; x_wconf 84' lang='lat' dir='ltr'><strong>roto</strong></span> <span class='ocrx_word' id='word_1_174' title='bbox 603 3152 674 3218; x_wconf 73' lang='lat' dir='ltr'><strong>[unis</strong></span> <span class='ocrx_word' id='word_1_175' title='bbox 692 3159 736 3204; x_wconf 84' lang='lat' dir='ltr'><strong>snt</strong></span> <span class='ocrx_word' id='word_1_176' title='bbox 746 3160 818 3203; x_wconf 82' lang='lat' dir='ltr'><strong>retro</strong></span> <span class='ocrx_word' id='word_1_177' title='bbox 828 3147 946 3202; x_wconf 76' lang='lat' dir='ltr'><strong>Beoileio</strong></span> <span class='ocrx_word' id='word_1_178' title='bbox 964 3149 1075 3217; x_wconf 86' lang='lat' dir='ltr'><strong>aliisque</strong></span> <span class='ocrx_word' id='word_1_179' title='bbox 1094 3149 1228 3217; x_wconf 88' lang='lat' dir='ltr'><strong>probatus.</strong></span> 
     </span>
     <span class='ocr_line' id='line_1_27' title="bbox 134 3220 1230 3296; baseline 0 -23"><span class='ocrx_word' id='word_1_180' title='bbox 134 3252 169 3264; x_wconf 92' lang='lat'><em>-</em></span> <span class='ocrx_word' id='word_1_181' title='bbox 191 3221 340 3288; x_wconf 68' lang='lat' dir='ltr'><strong>Tyrrhenas</strong></span> <span class='ocrx_word' id='word_1_182' title='bbox 354 3221 443 3296; x_wconf 76' lang='lat' dir='ltr'><strong>pater}</strong></span> <span class='ocrx_word' id='word_1_183' title='bbox 462 3221 592 3274; x_wconf 78' lang='lat' dir='ltr'><strong>Extenuat</strong></span> <span class='ocrx_word' id='word_1_184' title='bbox 609 3222 736 3289; x_wconf 80' lang='lat' dir='ltr'><strong>originem</strong></span> <span class='ocrx_word' id='word_1_185' title='bbox 755 3222 847 3287; x_wconf 78' lang='lat' dir='ltr'><strong>hyces,</strong></span> <span class='ocrx_word' id='word_1_186' title='bbox 860 3237 895 3273; x_wconf 89' lang='lat' dir='ltr'><strong>ns</strong></span> <span class='ocrx_word' id='word_1_187' title='bbox 912 3237 958 3271; x_wconf 90' lang='lat' dir='ltr'><strong>cur</strong></span> <span class='ocrx_word' id='word_1_188' title='bbox 975 3220 1108 3287; x_wconf 86' lang='lat' dir='ltr'><strong>superbiat</strong></span> <span class='ocrx_word' id='word_1_189' title='bbox 1125 3236 1230 3273; x_wconf 84' lang='lat' dir='ltr'><strong>causam</strong></span> 
     </span>
     <span class='ocr_line' id='line_1_28' title="bbox 134 3291 1231 3363; baseline 0 -20"><span class='ocrx_word' id='word_1_190' title='bbox 134 3291 236 3344; x_wconf 80' lang='lat' dir='ltr'><strong>babere</strong></span> <span class='ocrx_word' id='word_1_191' title='bbox 254 3291 305 3343; x_wconf 90' lang='lat' dir='ltr'><strong>sibi</strong></span> <span class='ocrx_word' id='word_1_192' title='bbox 327 3307 358 3342; x_wconf 84' lang='lat' dir='ltr'><strong>ss</strong></span> <span class='ocrx_word' id='word_1_193' title='bbox 376 3293 502 3344; x_wconf 84' lang='lat' dir='ltr'><strong>videatur.</strong></span> <span class='ocrx_word' id='word_1_194' title='bbox 525 3321 555 3336; x_wconf 87' lang='lat'>-</span> <span class='ocrx_word' id='word_1_195' title='bbox 579 3295 704 3363; x_wconf 75' lang='lat' dir='ltr'><strong>pumtois]</strong></span> <span class='ocrx_word' id='word_1_196' title='bbox 722 3292 784 3344; x_wconf 86' lang='lat' dir='ltr'><strong>uide</strong></span> <span class='ocrx_word' id='word_1_197' title='bbox 798 3293 833 3348; x_wconf 76' lang='lat' dir='ltr'><strong>ad</strong></span> <span class='ocrx_word' id='word_1_198' title='bbox 855 3292 938 3345; x_wconf 79' lang='lat' dir='ltr'><strong>Carni.</strong></span> <span class='ocrx_word' id='word_1_199' title='bbox 957 3292 979 3354; x_wconf 86' lang='grc' dir='ltr'><strong>Ι,</strong></span> <span class='ocrx_word' id='word_1_200' title='bbox 997 3292 1042 3354; x_wconf 78' lang='lat'><strong>28,</strong></span> <span class='ocrx_word' id='word_1_201' title='bbox 1063 3292 1104 3345; x_wconf 78' lang='lat'><strong>13.</strong></span> <span class='ocrx_word' id='word_1_202' title='bbox 1122 3323 1156 3336; x_wconf 82' lang='lat'>-</span> <span class='ocrx_word' id='word_1_203' title='bbox 1176 3293 1231 3343; x_wconf 83' lang='lat' dir='ltr'><strong>tin-</strong></span> 
     </span>
     <span class='ocr_line' id='line_1_29' title="bbox 133 3361 1231 3432; baseline 0 -18"><span class='ocrx_word' id='word_1_204' title='bbox 133 3372 190 3414; x_wconf 71' lang='lat' dir='ltr'><strong>ctus</strong></span> <span class='ocrx_word' id='word_1_205' title='bbox 212 3362 286 3414; x_wconf 79' lang='lat' dir='ltr'><strong>siolo</strong></span> <span class='ocrx_word' id='word_1_206' title='bbox 302 3362 401 3432; x_wconf 82' lang='lat' dir='ltr'><strong>pallor]</strong></span> <span class='ocrx_word' id='word_1_207' title='bbox 430 3361 524 3414; x_wconf 81' lang='lat' dir='ltr'><strong>tibuit.</strong></span> <span class='ocrx_word' id='word_1_208' title='bbox 549 3362 573 3425; x_wconf 80' lang='lat' dir='ltr'><strong>i,</strong></span> <span class='ocrx_word' id='word_1_209' title='bbox 589 3364 615 3427; x_wconf 87' lang='grc'><strong>8,</strong></span> <span class='ocrx_word' id='word_1_210' title='bbox 636 3364 683 3416; x_wconf 79' lang='lat'><strong>52:</strong></span> <span class='ocrx_word' id='word_1_211' title='bbox 710 3363 787 3429; x_wconf 82' lang='lat' dir='ltr'><strong>„Sed</strong></span> <span class='ocrx_word' id='word_1_212' title='bbox 810 3365 904 3416; x_wconf 86' lang='lat' dir='ltr'><strong>nimius</strong></span> <span class='ocrx_word' id='word_1_213' title='bbox 931 3362 986 3414; x_wconf 87' lang='lat' dir='ltr'><strong>luto</strong></span> <span class='ocrx_word' id='word_1_214' title='bbox 1012 3378 1122 3430; x_wconf 77' lang='lat' dir='ltr'><strong>corpora</strong></span> <span class='ocrx_word' id='word_1_215' title='bbox 1154 3363 1231 3430; x_wconf 69' lang='lat' dir='ltr'><strong>tingit</strong></span> 
     </span>
     <span class='ocr_line' id='line_1_30' title="bbox 130 3432 1231 3502; baseline -0.001 -18"><span class='ocrx_word' id='word_1_216' title='bbox 130 3440 232 3485; x_wconf 59' lang='lat' dir='ltr'><strong>antor!</strong></span> <span class='ocrx_word' id='word_1_217' title='bbox 252 3432 516 3502; x_wconf 72' lang='lat' dir='ltr'><strong>Virg.Bucol.2‚47:</strong></span> <span class='ocrx_word' id='word_1_218' title='bbox 535 3432 682 3499; x_wconf 79' lang='lat' dir='ltr'><strong>„Pallentes</strong></span> <span class='ocrx_word' id='word_1_219' title='bbox 700 3433 815 3497; x_wconf 74' lang='lat' dir='ltr'><strong>violas“;</strong></span> <span class='ocrx_word' id='word_1_220' title='bbox 833 3450 892 3486; x_wconf 88' lang='lat' dir='ltr'><strong>nam</strong></span> <span class='ocrx_word' id='word_1_221' title='bbox 909 3433 1036 3485; x_wconf 86' lang='lat' dir='ltr'><strong>violarum</strong></span> <span class='ocrx_word' id='word_1_222' title='bbox 1055 3449 1139 3498; x_wconf 77' lang='lat' dir='ltr'><strong>genus</strong></span> <span class='ocrx_word' id='word_1_223' title='bbox 1154 3435 1231 3483; x_wconf 82' lang='lat' dir='ltr'><strong>etiam</strong></span> 
     </span>
     <span class='ocr_line' id='line_1_31' title="bbox 132 3500 1231 3576; baseline -0.005 -20"><span class='ocrx_word' id='word_1_224' title='bbox 132 3501 236 3556; x_wconf 85' lang='lat' dir='ltr'><strong>luteum</strong></span> <span class='ocrx_word' id='word_1_225' title='bbox 257 3512 304 3554; x_wconf 83' lang='lat' dir='ltr'><strong>est.</strong></span> <span class='ocrx_word' id='word_1_226' title='bbox 331 3537 366 3550; x_wconf 75' lang='lat'><strong>..-</strong></span> <span class='ocrx_word' id='word_1_227' title='bbox 390 3506 442 3568; x_wconf 77' lang='lat' dir='ltr'><strong>oir]</strong></span> <span class='ocrx_word' id='word_1_228' title='bbox 461 3504 576 3556; x_wconf 83' lang='lat' dir='ltr'><strong>maritus.</strong></span> <span class='ocrx_word' id='word_1_229' title='bbox 594 3535 629 3548; x_wconf 91' lang='lat'><em>-</em></span> <span class='ocrx_word' id='word_1_230' title='bbox 646 3505 761 3574; x_wconf 67' lang='lat' dir='ltr'><strong>suenus]</strong></span> <span class='ocrx_word' id='word_1_231' title='bbox 782 3520 878 3556; x_wconf 88' lang='lat' dir='ltr'><strong>amore.</strong></span> <span class='ocrx_word' id='word_1_232' title='bbox 903 3533 937 3548; x_wconf 78' lang='lat'><em>—</em></span> <span class='ocrx_word' id='word_1_233' title='bbox 978 3503 1093 3576; x_wconf 76' lang='lat' dir='ltr'><strong>Mauris]</strong></span> <span class='ocrx_word' id='word_1_234' title='bbox 1113 3502 1174 3554; x_wconf 82' lang='lat' dir='ltr'><strong>vide</strong></span> <span class='ocrx_word' id='word_1_235' title='bbox 1198 3500 1231 3552; x_wconf 82' lang='lat' dir='ltr'><strong>ed</strong></span> 
     </span>
     <span class='ocr_line' id='line_1_32' title="bbox 134 3572 1231 3642; baseline -0.001 -17"><span class='ocrx_word' id='word_1_236' title='bbox 134 3574 224 3626; x_wconf 81' lang='lat' dir='ltr'><strong>Carni.</strong></span> <span class='ocrx_word' id='word_1_237' title='bbox 244 3572 267 3636; x_wconf 87' lang='lat' dir='ltr'><strong>l,</strong></span> <span class='ocrx_word' id='word_1_238' title='bbox 282 3578 305 3636; x_wconf 86' lang='grc' dir='ltr'><strong>Ι,</strong></span> <span class='ocrx_word' id='word_1_239' title='bbox 316 3574 360 3626; x_wconf 77' lang='grc'><strong>28.</strong></span> <span class='ocrx_word' id='word_1_240' title='bbox 379 3604 411 3615; x_wconf 85' lang='lat'>-</span> <span class='ocrx_word' id='word_1_241' title='bbox 432 3574 482 3626; x_wconf 82' lang='lat' dir='ltr'><strong>boc</strong></span> <span class='ocrx_word' id='word_1_242' title='bbox 499 3574 579 3642; x_wconf 81' lang='lat' dir='ltr'><strong>lotus]</strong></span> <span class='ocrx_word' id='word_1_243' title='bbox 596 3574 741 3626; x_wconf 87' lang='lat' dir='ltr'><strong>Pronomen</strong></span> <span class='ocrx_word' id='word_1_244' title='bbox 762 3590 825 3627; x_wconf 86' lang='lat' dir='ltr'><strong>vere</strong></span> <span class='ocrx_word' id='word_1_245' title='bbox 835 3574 1065 3626; x_wconf 75' lang='lat' dir='ltr'><strong>demonstrativum</strong></span> <span class='ocrx_word' id='word_1_246' title='bbox 1079 3581 1128 3636; x_wconf 81' lang='lat' dir='ltr'><strong>est,</strong></span> <span class='ocrx_word' id='word_1_247' title='bbox 1144 3587 1231 3638; x_wconf 83' lang='lat' dir='ltr'><strong>neque</strong></span> 
     </span>
     <span class='ocr_line' id='line_1_33' title="bbox 130 3635 1228 3711; baseline -0.005 -14"><span class='ocrx_word' id='word_1_248' title='bbox 130 3644 213 3697; x_wconf 80' lang='lat' dir='ltr'><strong>aliter</strong></span> <span class='ocrx_word' id='word_1_249' title='bbox 229 3644 322 3696; x_wconf 81' lang='lat' dir='ltr'><strong>Graeci</strong></span> <span class='ocrx_word' id='word_1_250' title='bbox 344 3635 426 3704; x_wconf 75' lang='grc' dir='ltr'><em>οὗτος</em></span> <span class='ocrx_word' id='word_1_251' title='bbox 443 3652 575 3711; x_wconf 71' lang='lat' dir='ltr'><strong>usurpsnb</strong></span> <span class='ocrx_word' id='word_1_252' title='bbox 596 3646 648 3698; x_wconf 79' lang='lat' dir='ltr'><strong>Sat</strong></span> <span class='ocrx_word' id='word_1_253' title='bbox 669 3644 689 3709; x_wconf 88' lang='lat' dir='ltr'><strong>l,</strong></span> <span class='ocrx_word' id='word_1_254' title='bbox 703 3643 729 3708; x_wconf 83' lang='lat'><strong>9,</strong></span> <span class='ocrx_word' id='word_1_255' title='bbox 738 3644 783 3698; x_wconf 79' lang='lat' dir='ltr'><strong>ti.</strong></span> <span class='ocrx_word' id='word_1_256' title='bbox 820 3644 920 3698; x_wconf 87' lang='lat' dir='ltr'><strong>lleinde</strong></span> <span class='ocrx_word' id='word_1_257' title='bbox 938 3644 972 3695; x_wconf 86' lang='lat' dir='ltr'><strong>cl.</strong></span> <span class='ocrx_word' id='word_1_258' title='bbox 993 3642 1078 3696; x_wconf 83' lang='lat' dir='ltr'><strong>Germ.</strong></span> <span class='ocrx_word' id='word_1_259' title='bbox 1096 3643 1130 3708; x_wconf 86' lang='lat' dir='ltr'><strong>ll,</strong></span> <span class='ocrx_word' id='word_1_260' title='bbox 1146 3643 1171 3705; x_wconf 84' lang='lat' dir='ltr'><strong>i,</strong></span> <span class='ocrx_word' id='word_1_261' title='bbox 1186 3641 1228 3692; x_wconf 87' lang='lat'><strong>18.</strong></span> 
     </span>
     <span class='ocr_line' id='line_1_34' title="bbox 130 3713 764 3791; baseline -0.003 -23"><span class='ocrx_word' id='word_1_262' title='bbox 130 3745 167 3761; x_wconf 88' lang='lat'><strong>-·</strong></span> <span class='ocrx_word' id='word_1_263' title='bbox 188 3713 317 3768; x_wconf 74' lang='lat' dir='ltr'><strong>Coelutis</strong></span> <span class='ocrx_word' id='word_1_264' title='bbox 334 3714 430 3791; x_wconf 73' lang='lat' dir='ltr'><strong>opens]</strong></span> <span class='ocrx_word' id='word_1_265' title='bbox 449 3715 484 3767; x_wconf 87' lang='lat' dir='ltr'><strong>cl.</strong></span> <span class='ocrx_word' id='word_1_266' title='bbox 503 3715 586 3783; x_wconf 81' lang='lat' dir='ltr'><strong>Epist</strong></span> <span class='ocrx_word' id='word_1_267' title='bbox 605 3714 639 3780; x_wconf 88' lang='lat' dir='ltr'><strong>ll,</strong></span> <span class='ocrx_word' id='word_1_268' title='bbox 659 3718 683 3779; x_wconf 89' lang='lat'><strong>1,</strong></span> <span class='ocrx_word' id='word_1_269' title='bbox 705 3714 764 3767; x_wconf 82' lang='lat'><strong>135.</strong></span> 
     </span>
    </p>
   </div>
   <div class='ocr_carea' id='block_1_9' title="bbox 573 3826 779 3881">
    <p class='ocr_par' dir='ltr' id='par_1_11' title="bbox 573 3826 779 3881">
     <span class='ocr_line' id='line_1_35' title="bbox 573 3826 779 3881; baseline -0.005 0"><span class='ocrx_word' id='word_1_270' title='bbox 573 3826 716 3881; x_wconf 81' lang='lat' dir='ltr'><strong>Carmen</strong></span> <span class='ocrx_word' id='word_1_271' title='bbox 733 3826 779 3880; x_wconf 84' lang='lat' dir='ltr'><strong>xi.</strong></span> 
     </span>
    </p>
   </div>
   <div class='ocr_carea' id='block_1_10' title="bbox 130 3919 1232 4554">
    <p class='ocr_par' dir='ltr' id='par_1_12' title="bbox 130 3919 1232 4554">
     <span class='ocr_line' id='line_1_36' title="bbox 225 3919 1230 3986; baseline -0.006 -12"><span class='ocrx_word' id='word_1_272' title='bbox 225 3921 351 3976; x_wconf 83' lang='lat' dir='ltr'><strong>Precibus</strong></span> <span class='ocrx_word' id='word_1_273' title='bbox 375 3920 495 3975; x_wconf 85' lang='lat' dir='ltr'><strong>Horatius</strong></span> <span class='ocrx_word' id='word_1_274' title='bbox 514 3922 673 3974; x_wconf 86' lang='lat' dir='ltr'><strong>convertitur</strong></span> <span class='ocrx_word' id='word_1_275' title='bbox 690 3921 723 3974; x_wconf 84' lang='lat' dir='ltr'><strong>ad</strong></span> <span class='ocrx_word' id='word_1_276' title='bbox 742 3920 897 3975; x_wconf 79' lang='lat' dir='ltr'><strong>Mercurium</strong></span> <span class='ocrx_word' id='word_1_277' title='bbox 915 3927 942 3973; x_wconf 89' lang='lat' dir='ltr'><strong>et</strong></span> <span class='ocrx_word' id='word_1_278' title='bbox 959 3919 1060 3986; x_wconf 73' lang='lat' dir='ltr'><strong>iprum,</strong></span> <span class='ocrx_word' id='word_1_279' title='bbox 1079 3925 1109 3970; x_wconf 83' lang='lat' dir='ltr'><strong>nt</strong></span> <span class='ocrx_word' id='word_1_280' title='bbox 1125 3930 1230 3969; x_wconf 80' lang='lat' dir='ltr'><strong>carmon</strong></span> 
     </span>
     <span class='ocr_line' id='line_1_37' title="bbox 133 3988 1231 4060; baseline -0.007 -15"><span class='ocrx_word' id='word_1_281' title='bbox 133 3992 186 4045; x_wconf 79' lang='lat' dir='ltr'><strong>nbi</strong></span> <span class='ocrx_word' id='word_1_282' title='bbox 209 3993 293 4043; x_wconf 82' lang='lat' dir='ltr'><strong>uelint</strong></span> <span class='ocrx_word' id='word_1_283' title='bbox 311 3992 374 4044; x_wconf 81' lang='lat' dir='ltr'><strong>dere</strong></span> <span class='ocrx_word' id='word_1_284' title='bbox 395 4007 447 4060; x_wconf 88' lang='lat' dir='ltr'><strong>quo</strong></span> <span class='ocrx_word' id='word_1_285' title='bbox 465 3991 555 4057; x_wconf 73' lang='lat' dir='ltr'><strong>Lyden</strong></span> <span class='ocrx_word' id='word_1_286' title='bbox 574 3993 687 4045; x_wconf 86' lang='lat' dir='ltr'><strong>timidam</strong></span> <span class='ocrx_word' id='word_1_287' title='bbox 699 4001 725 4045; x_wconf 89' lang='lat' dir='ltr'><strong>et</strong></span> <span class='ocrx_word' id='word_1_288' title='bbox 744 4001 853 4044; x_wconf 81' lang='lat' dir='ltr'><strong>amatam</strong></span> <span class='ocrx_word' id='word_1_289' title='bbox 871 3990 986 4058; x_wconf 84' lang='lat' dir='ltr'><strong>puellam</strong></span> <span class='ocrx_word' id='word_1_290' title='bbox 1005 3988 1054 4042; x_wconf 90' lang='lat' dir='ltr'><strong>sibi</strong></span> <span class='ocrx_word' id='word_1_291' title='bbox 1070 3989 1153 4056; x_wconf 88' lang='lat' dir='ltr'><strong>possit</strong></span> <span class='ocrx_word' id='word_1_292' title='bbox 1165 4001 1231 4038; x_wconf 90' lang='lat' dir='ltr'><strong>con-</strong></span> 
     </span>
     <span class='ocr_line' id='line_1_38' title="bbox 131 4057 1230 4131; baseline -0.005 -17"><span class='ocrx_word' id='word_1_293' title='bbox 131 4063 228 4115; x_wconf 80' lang='lat' dir='ltr'><strong>ciliare</strong></span> <span class='ocrx_word' id='word_1_294' title='bbox 252 4068 312 4131; x_wconf 79' lang='lat' dir='ltr'><strong>(stt.</strong></span> <span class='ocrx_word' id='word_1_295' title='bbox 336 4065 449 4131; x_wconf 83' lang='lat'><strong>1-3);</strong></span> <span class='ocrx_word' id='word_1_296' title='bbox 479 4079 537 4114; x_wconf 81' lang='lat' dir='ltr'><strong>narn</strong></span> <span class='ocrx_word' id='word_1_297' title='bbox 554 4079 674 4131; x_wconf 79' lang='lat' dir='ltr'><strong>magnum</strong></span> <span class='ocrx_word' id='word_1_298' title='bbox 694 4079 753 4116; x_wconf 87' lang='lat' dir='ltr'><strong>esse</strong></span> <span class='ocrx_word' id='word_1_299' title='bbox 772 4065 912 4116; x_wconf 80' lang='lat' dir='ltr'><strong>carminum</strong></span> <span class='ocrx_word' id='word_1_300' title='bbox 933 4067 1087 4128; x_wconf 73' lang='lat' dir='ltr'><strong>potestatem</strong></span> <span class='ocrx_word' id='word_1_301' title='bbox 1106 4058 1183 4110; x_wconf 84' lang='lat' dir='ltr'><strong>etiam</strong></span> <span class='ocrx_word' id='word_1_302' title='bbox 1202 4057 1230 4110; x_wconf 88' lang='lat' dir='ltr'><strong>in</strong></span> 
     </span>
     <span class='ocr_line' id='line_1_39' title="bbox 131 4127 1231 4201; baseline -0.008 -15"><span class='ocrx_word' id='word_1_303' title='bbox 131 4133 206 4186; x_wconf 79' lang='lat' dir='ltr'><strong>ieras</strong></span> <span class='ocrx_word' id='word_1_304' title='bbox 225 4132 342 4198; x_wconf 87' lang='lat' dir='ltr'><strong>bestias,</strong></span> <span class='ocrx_word' id='word_1_305' title='bbox 362 4132 389 4184; x_wconf 89' lang='lat' dir='ltr'><strong>in</strong></span> <span class='ocrx_word' id='word_1_306' title='bbox 406 4134 571 4187; x_wconf 80' lang='lat' dir='ltr'><strong>inanimatam</strong></span> <span class='ocrx_word' id='word_1_307' title='bbox 589 4142 719 4198; x_wconf 82' lang='lat' dir='ltr'><strong>naturam,</strong></span> <span class='ocrx_word' id='word_1_308' title='bbox 738 4136 765 4184; x_wconf 91' lang='lat' dir='ltr'><strong>in</strong></span> <span class='ocrx_word' id='word_1_309' title='bbox 785 4137 856 4201; x_wconf 86' lang='lat' dir='ltr'><strong>ipsos</strong></span> <span class='ocrx_word' id='word_1_310' title='bbox 875 4132 940 4184; x_wconf 84' lang='lat' dir='ltr'><strong>adeo</strong></span> <span class='ocrx_word' id='word_1_311' title='bbox 960 4131 1057 4182; x_wconf 87' lang='lat' dir='ltr'><strong>iuleros</strong></span> <span class='ocrx_word' id='word_1_312' title='bbox 1079 4130 1127 4199; x_wconf 82' lang='lat' dir='ltr'><strong>(ci.</strong></span> <span class='ocrx_word' id='word_1_313' title='bbox 1146 4127 1231 4180; x_wconf 78' lang='lat' dir='ltr'><strong>Garun.</strong></span> 
     </span>
     <span class='ocr_line' id='line_1_40' title="bbox 131 4200 1231 4272; baseline -0.007 -16"><span class='ocrx_word' id='word_1_314' title='bbox 131 4203 166 4268; x_wconf 79' lang='grc' dir='ltr'><strong>ΙΙ,</strong></span> <span class='ocrx_word' id='word_1_315' title='bbox 188 4203 275 4256; x_wconf 84' lang='grc'><strong>13.-</strong></span> <span class='ocrx_word' id='word_1_316' title='bbox 288 4211 335 4255; x_wconf 87' lang='lat' dir='ltr'><strong>str.</strong></span> <span class='ocrx_word' id='word_1_317' title='bbox 355 4203 448 4272; x_wconf 75' lang='lat'><strong>4-6).</strong></span> <span class='ocrx_word' id='word_1_318' title='bbox 485 4205 525 4257; x_wconf 84' lang='lat' dir='ltr'><strong>Ex</strong></span> <span class='ocrx_word' id='word_1_319' title='bbox 545 4205 635 4256; x_wconf 85' lang='lat' dir='ltr'><strong>inieris</strong></span> <span class='ocrx_word' id='word_1_320' title='bbox 654 4213 812 4272; x_wconf 88' lang='lat' dir='ltr'><strong>postremum</strong></span> <span class='ocrx_word' id='word_1_321' title='bbox 830 4202 915 4255; x_wconf 84' lang='lat' dir='ltr'><strong>locum</strong></span> <span class='ocrx_word' id='word_1_322' title='bbox 933 4200 1053 4252; x_wconf 88' lang='lat' dir='ltr'><strong>consulto</strong></span> <span class='ocrx_word' id='word_1_323' title='bbox 1072 4206 1231 4266; x_wconf 89' lang='lat' dir='ltr'><strong>occopurunt</strong></span> 
     </span>
     <span class='ocr_line' id='line_1_41' title="bbox 130 4266 1231 4344; baseline -0.01 -16"><span class='ocrx_word' id='word_1_324' title='bbox 130 4273 219 4328; x_wconf 70' lang='lat' dir='ltr'><strong>bauai</strong></span> <span class='ocrx_word' id='word_1_325' title='bbox 236 4273 318 4336; x_wconf 80' lang='lat' dir='ltr'><strong>lilino,</strong></span> <span class='ocrx_word' id='word_1_326' title='bbox 336 4289 445 4342; x_wconf 82' lang='lat' dir='ltr'><strong>quarum</strong></span> <span class='ocrx_word' id='word_1_327' title='bbox 464 4273 610 4341; x_wconf 83' lang='lat' dir='ltr'><strong>exemplum</strong></span> <span class='ocrx_word' id='word_1_328' title='bbox 630 4291 706 4344; x_wconf 83' lang='lat' dir='ltr'><strong>quam</strong></span> <span class='ocrx_word' id='word_1_329' title='bbox 726 4276 799 4343; x_wconf 73' lang='lat' dir='ltr'><strong>gravi</strong></span> <span class='ocrx_word' id='word_1_330' title='bbox 820 4287 905 4340; x_wconf 83' lang='lat' dir='ltr'><strong>poene</strong></span> <span class='ocrx_word' id='word_1_331' title='bbox 922 4271 1037 4325; x_wconf 85' lang='lat' dir='ltr'><strong>lueretur</strong></span> <span class='ocrx_word' id='word_1_332' title='bbox 1057 4270 1125 4323; x_wconf 83' lang='lat' dir='ltr'><strong>male</strong></span> <span class='ocrx_word' id='word_1_333' title='bbox 1142 4266 1231 4320; x_wconf 88' lang='lat' dir='ltr'><strong>reddi·</strong></span> 
     </span>
     <span class='ocr_line' id='line_1_42' title="bbox 132 4342 1232 4411; baseline -0.007 -14"><span class='ocrx_word' id='word_1_334' title='bbox 132 4345 175 4397; x_wconf 85' lang='lat' dir='ltr'><strong>lus</strong></span> <span class='ocrx_word' id='word_1_335' title='bbox 195 4353 223 4396; x_wconf 90' lang='lat' dir='ltr'><strong>et</strong></span> <span class='ocrx_word' id='word_1_336' title='bbox 246 4344 374 4411; x_wconf 87' lang='lat' dir='ltr'><strong>deceptus</strong></span> <span class='ocrx_word' id='word_1_337' title='bbox 398 4359 471 4398; x_wconf 87' lang='lat' dir='ltr'><strong>amor</strong></span> <span class='ocrx_word' id='word_1_338' title='bbox 496 4348 581 4400; x_wconf 83' lang='lat' dir='ltr'><strong>statim</strong></span> <span class='ocrx_word' id='word_1_339' title='bbox 600 4346 715 4397; x_wconf 88' lang='lat' dir='ltr'><strong>doceret.</strong></span> <span class='ocrx_word' id='word_1_340' title='bbox 764 4342 839 4407; x_wconf 81' lang='lat' dir='ltr'><strong>Quod</strong></span> <span class='ocrx_word' id='word_1_341' title='bbox 865 4342 968 4411; x_wconf 85' lang='lat' dir='ltr'><strong>quidem</strong></span> <span class='ocrx_word' id='word_1_342' title='bbox 996 4342 1085 4408; x_wconf 81' lang='lat' dir='ltr'><strong>hyden</strong></span> <span class='ocrx_word' id='word_1_343' title='bbox 1111 4346 1232 4406; x_wconf 85' lang='lat' dir='ltr'><strong>spectare</strong></span> 
     </span>
     <span class='ocr_line' id='line_1_43' title="bbox 133 4408 1231 4484; baseline -0.006 -19"><span class='ocrx_word' id='word_1_344' title='bbox 133 4431 213 4468; x_wconf 80' lang='lat' dir='ltr'><strong>versu</strong></span> <span class='ocrx_word' id='word_1_345' title='bbox 234 4416 269 4469; x_wconf 81' lang='lat'><strong>25</strong></span> <span class='ocrx_word' id='word_1_346' title='bbox 290 4414 362 4467; x_wconf 85' lang='lat' dir='ltr'><strong>claro</strong></span> <span class='ocrx_word' id='word_1_347' title='bbox 381 4414 534 4481; x_wconf 86' lang='lat' dir='ltr'><strong>ostenditur,</strong></span> <span class='ocrx_word' id='word_1_348' title='bbox 552 4431 640 4484; x_wconf 86' lang='lat' dir='ltr'><strong>nequa</strong></span> <span class='ocrx_word' id='word_1_349' title='bbox 658 4425 756 4467; x_wconf 89' lang='lat' dir='ltr'><strong>temere</strong></span> <span class='ocrx_word' id='word_1_350' title='bbox 776 4415 840 4466; x_wconf 84' lang='lat' dir='ltr'><strong>lecit</strong></span> <span class='ocrx_word' id='word_1_351' title='bbox 860 4415 989 4479; x_wconf 79' lang='lat' dir='ltr'><strong>Horatius,</strong></span> <span class='ocrx_word' id='word_1_352' title='bbox 1008 4412 1078 4481; x_wconf 88' lang='lat' dir='ltr'><strong>quod</strong></span> <span class='ocrx_word' id='word_1_353' title='bbox 1094 4412 1120 4462; x_wconf 93' lang='lat' dir='ltr'><strong>in</strong></span> <span class='ocrx_word' id='word_1_354' title='bbox 1132 4408 1231 4461; x_wconf 79' lang='lat' dir='ltr'><strong>Danai-</strong></span> 
     </span>
     <span class='ocr_line' id='line_1_44' title="bbox 133 4479 1231 4554; baseline -0.007 -17"><span class='ocrx_word' id='word_1_355' title='bbox 133 4486 196 4538; x_wconf 86' lang='lat' dir='ltr'><strong>durn</strong></span> <span class='ocrx_word' id='word_1_356' title='bbox 216 4486 307 4538; x_wconf 76' lang='lat' dir='ltr'><strong>[abula</strong></span> <span class='ocrx_word' id='word_1_357' title='bbox 326 4486 424 4538; x_wconf 85' lang='lat' dir='ltr'><strong>diutius</strong></span> <span class='ocrx_word' id='word_1_358' title='bbox 442 4493 556 4540; x_wconf 86' lang='lat' dir='ltr'><strong>moralus</strong></span> <span class='ocrx_word' id='word_1_359' title='bbox 581 4504 636 4539; x_wconf 88' lang='lat' dir='ltr'><strong>rem</strong></span> <span class='ocrx_word' id='word_1_360' title='bbox 656 4501 729 4540; x_wconf 82' lang='lat' dir='ltr'><strong>suam</strong></span> <span class='ocrx_word' id='word_1_361' title='bbox 756 4486 858 4538; x_wconf 85' lang='lat' dir='ltr'><strong>uidetur</strong></span> <span class='ocrx_word' id='word_1_362' title='bbox 880 4486 1036 4554; x_wconf 84' lang='lat' dir='ltr'><strong>relinquere.</strong></span> <span class='ocrx_word' id='word_1_363' title='bbox 1082 4479 1183 4534; x_wconf 81' lang='lat' dir='ltr'><strong>Etenim</strong></span> <span class='ocrx_word' id='word_1_364' title='bbox 1205 4481 1231 4531; x_wconf 88' lang='lat' dir='ltr'><strong>in</strong></span> 
     </span>
    </p>
   </div>
   <div class='ocr_carea' id='block_1_11' title="bbox 0 0 1567 5042">
    <p class='ocr_par' dir='ltr' id='par_1_13' title="bbox 0 0 1567 5042">
     <span class='ocr_line' id='line_1_45' title="bbox 0 0 1567 5042; baseline 0 0"><span class='ocrx_word' id='word_1_365' title='bbox 0 0 1567 5042; x_wconf 95' lang='lat' dir='ltr'><strong> </strong></span> 
     </span>
    </p>
   </div>
  </div>
 </body>
</html>
