3117 5042
799 426 986 488 ..4-

350 602 426 666 tatis
447 602 552 668 amore
574 601 725 682 incensus,
748 602 891 685 namquo
904 602 1027 667 restitui
1038 607 1144 686 posset
1153 586 1303 685 pristinae
1320 600 1443 666 uirtutis

350 709 518 792 periculum
539 712 676 774 facturus
698 727 788 774 arma
807 709 900 792 capit·
942 712 984 776 lit
1004 710 1100 775 Bnrto
1122 711 1192 775 tluci
1212 718 1275 774 mm
1297 717 1442 793 acceptos

347 823 427 897 erat,
446 824 482 881 ut
502 817 641 902 quamuis
663 822 745 880 esset
765 817 898 881 obscuro
919 819 989 882 loeo
1010 826 1101 882 uatus
1114 837 1212 901 neque
1225 818 1441 885 teltteatauue
1513 878 1517 886 .

348 924 500 1009 insignis,
534 932 637 990 tamen
667 926 807 990 tribuous
824 926 965 991 'militum
996 927 1113 1010 legioni
1135 933 1379 1009 praeponeretur
1389 923 1441 1006 ¹2).

345 1034 457 1118 tuque
475 1026 637 1099 uuoo'tll
661 1033 779 1098 relictis
800 1035 929 1099 Athenis
949 1035 982 1098 iu
992 1037 1097 1099 Asiam
1116 1035 1263 1098 minorem
1284 1033 1442 1097 traiecisse

346 1143 488 1221 violetor3
510 1161 581 1206 ιιιι
598 1160 638 1205 ue
660 1142 719 1205 loo
738 1142 863 1225 quidem
879 1161 937 1226 pro
959 1150 1044 1207 certo
1058 1148 1160 1224 potest
1173 1142 1339 1205 affirmaris
1362 1141 1443 1205 Suut

346 1256 449 1315 tamea
472 1249 545 1331 loci,
566 1250 617 1332 qui
635 1248 854 1330 persuadeant,
875 1269 937 1313 ιιοιι
949 1250 1103 1332 impugna
1115 1242 1213 1311 salum
1227 1247 1266 1313 al
1283 1248 1443 1330 Philippos

345 1364 486 1442 pugnata
510 1377 530 1422 a
552 1359 691 1439 partibus
714 1376 782 1421 eum
802 1358 925 1423 stetisse
946 1357 1034 1422 Bruti
1055 1357 1111 1420 sei
1132 1357 1297 1420 ‹liutiusiu
1329 1357 1441 1419 castris

345 1465 469 1531 vixisse
486 1466 649 1549 Asiamque
671 1465 845 1545 vidisse¹³).
887 1466 1004 1545 Quodsi
1024 1466 1069 1530 ita
1090 1485 1141 1529 res
1161 1484 1195 1529 se
1217 1464 1318 1544 labet,
1340 1465 1442 1529 liora·

348 1574 412 1637 tlus
431 1594 499 1638 cum
520 1575 659 1638 exercitu
687 1573 720 1639 iu
750 1573 907 1656 Europam
930 1590 1080 1637 vreversus
1108 1572 1232 1636 alversi
1264 1573 1376 1655 proelii
1406 1591 1445 1637 ao

345 1684 442 1766 fugae
459 1683 614 1765 particeps
634 1684 737 1745 lactus
752 1681 792 1763 Μ)
814 1700 880 1745 cum
894 1682 1043 1746 lilessalla
1062 1683 1184 1747 servari
1204 1683 1350 1746 benefida
1363 1680 1444 1746 Gae-

346 1790 429 1855 saris
450 1790 614 1879 Octaviani
643 1792 765 1854 maluit*
783 1808 874 1872 quam
895 1790 1017 1854 iollam
1047 1809 1134 1872 opem
1154 1774 1307 1854 armorum
1328 1789 1444 1854 liutius

344 1905 479 1963 mutare.
535 1897 665 1980 Captum
686 1898 807 1982 quirlem
830 1917 850 1962 a
873 1899 1041 1962 victoribus
1061 1918 1129 1962 eum
1151 1898 1248 1961 fuisse
1267 1898 1357 1961 docet
1376 1899 1446 1963 vita

347 2007 497 2090 quaedam
519 2025 560 2071 ex
579 2012 702 2069 vetusto
731 2007 836 2089 aliquo
869 2007 975 2070 coelice
1006 2007 1186 2089 descripta,
1222 2006 1274 2068 sel
1297 2005 1373 2070 uilil
1398 2012 1447 2070 est

348 2106 544 2179 auctoritatis
566 2116 645 2198 quod
671 2115 741 2178 huic
761 2115 901 2180 accedat.
957 2116 1020 2178 lam
1043 2133 1117 2177 vero
1144 2132 1233 2197 quum
1256 2134 1313 2177 usu
1335 2110 1464 2179 tlootos¹

347 2221 417 2305 lpse
439 2241 496 2304 per
517 2223 574 2287 tos
594 2239 693 2284 anuos
723 2220 952 2299 intellexisset,
984 2238 1102 2283 eorum*
1119 2219 1171 2301 qui
1198 2220 1445 2284 attentissimu-

345 2330 469 2413 patriae
487 2349 526 2393 ac
547 2328 701 2393 lolertatis
721 2346 857 2392 amorem
876 2344 953 2410 prae
972 2328 1148 2391 referrent
1166 2327 1312 2409 exiguam
1325 2333 1447 2391 uotum

346 2446 467 2520 partem
490 2437 695 2501 innocentiam
717 2437 991 2519 integritatemque
1011 2436 1105 2499 animi
1126 2452 1347 2513 conservasse,
1372 2437 1446 2518 plu-

347 2546 443 2610 rimos
465 2566 551 2610 suam
584 2546 749 2610 utilitatem
777 2546 901 2627 patriae
921 2545 1109 2623 commodis,
1141 2543 1193 2609 ulti
1224 2544 1345 2608 comsio
1367 2544 1446 2608 olata

348 2660 440 2731 esset,
463 2653 658 2735 praetulisse,
680 2661 711 2716 et
733 2654 763 2716 sl
785 2653 919 2716 victores
943 2653 1079 2716 exbello
1097 2652 1301 2715 decessissent
1321 2654 1445 2734 peiores

347 2762 441 2828 ctiam
462 2762 591 2844 imperio
613 2764 752 2824 ltomauo
775 2762 914 2826 lominus
936 2763 1125 2840 exstituros,
1157 2769 1220 2824 tum
1252 2780 1313 2823 uon
1344 2764 1447 2842 potuit

348 2869 511 2948 dubitare,
538 2867 611 2951 quio
635 2869 675 2931 alr
698 2869 758 2932 luae
783 2876 873 2950 parte
894 2888 969 2933 vera
988 2871 1073 2932 salus
1098 2869 1191 2933 rebus
1214 2868 1447 2932 ltomauismon

346 2977 475 3041 uoueret
509 2975 693 3059 exspectari.
748 2979 946 3058 Quapropter
967 2975 1087 3038 veniam
1103 2977 1185 3037 ultro
1207 2975 1343 3038 oblatam
1362 2976 1448 3040 tristi

348 3086 468 3169 quidem
489 3085 591 3149 auimo
613 3083 751 3163 accepit,
775 3088 882 3163 partes
903 3082 1045 3163 reliquit,
1067 3082 1100 3143 iu
1120 3082 1241 3145 ltaliam
1265 3084 1357 3146 rediit
1386 3084 1449 3147 mi-

348 3195 509 3275 litiamque
528 3184 721 3252 detrectavit
766 3189 1138 3253 Naturaenimimlellem
1151 3188 1191 3269 1ὅ)
1205 3209 1249 3254 ue
1269 3193 1447 3257 imbrumatus

348 3299 469 3382 quidem
491 3306 523 3361 ct
542 3297 685 3360 militaris
706 3296 807 3363 honor
827 3304 933 3360 tenere
953 3305 1137 3379 potuerunt3
1159 3318 1273 3362 ruovuruv
1292 3300 1448 3364 sibisum-

347 3422 418 3471 mae
437 3405 541 3470 laudis
563 3404 644 3469 viam
663 3405 801 3469 munivit.
853 3405 889 3468 la
920 3405 979 3469 lrac
1002 3424 1037 3469 re
1060 3407 1267 3470 memorabilis
1290 3414 1339 3470 est
1358 3407 1450 3472 locus
1549 3446 1551 3455 ‚

278 3598 282 3603 ἱ
347 3512 636 3593 carmiuare:

550 3617 613 3682 Setl
634 3636 683 3682 me
703 3634 759 3699 per
780 3619 886 3682 hostes
909 3619 1079 3710 Mercurius
1097 3620 1181 3681 celer

549 3726 651 3790 lieuso
670 3733 834 3808 parentem
855 3727 981 3790 mortalit
1001 3735 1085 3804 atre,
1183 3812 1185 3815 .

357 3860 609 3874 Q

386 3917 433 3986 12)
452 3915 505 3970 sa.
524 3915 545 3983 r,
564 3917 590 3982 o,
610 3912 654 3970 aa
688 3913 772 3983 Epist.
794 3913 815 3981 1,
833 3916 877 3981 co,
896 3915 940 3969 aa
963 3914 996 3981 u,
1015 3914 1043 3980 a,
1059 3913 1104 3969 ιι.
1188 3871 1192 3879 ’

387 4008 432 4082 13)
450 4012 502 4094 βαι.
524 4010 546 4077 1,
564 4013 579 4067 7
597 4010 670 4094 litem
689 4011 850 4096 Clazomeoir
867 4026 953 4063 coram
971 4011 1043 4095 Bruti
1069 4009 1191 4094 tribunali
1210 4018 1294 4062 actam
1312 4009 1400 4078 lepide
1422 4019 1452 4065 et

448 4089 720 4217 scrutatur?
736 4081 869 4219 tritu
890 4081 1203 4209 tutelarios
1214 4081 1340 4216 tout

447 4222 483 4346 ¹:2⁹
495 4223 666 4349 &affligat
686 4227 699 4275 1
721 4221 871 4287 iecissent,
896 4224 941 4293 qui
964 4231 1068 4293 poetam
1085 4224 1181 4277 diutim
1201 4223 1329 4277 militasse
1350 4231 1451 4291 cogant

388 4386 435 4459 14)
453 4388 543 4449 earm„
556 4388 591 4453 ll,
611 4391 636 4443 l.
673 4388 754 4461 Epist.
772 4389 808 4457 ll,
825 4390 852 4457 2,
868 4388 911 4462 49.

389 4485 436 4554 15)
453 4481 535 4553 Epdd.
558 4485 582 4546 1,
606 4484 644 4540 16.
