3117 5042
766 418 1064 485 staminum

454 602 589 685 Martios
607 603 636 667 si
655 606 743 691 coelo
767 622 924 686 supponas
947 604 1020 668 vina
1040 620 1170 676 meno,

454 713 630 786 Nocturna,
651 712 772 794 siquid
793 713 891 799 massi
915 719 979 790 est,
998 710 1175 775 muethus
1194 728 1271 774 aura

455 822 497 885 ut
518 821 646 885 metet
667 822 747 901 oter
767 821 1049 909 serva-inimicum
1072 806 1105 884 at
1126 821 1182 883 tila

454 932 612 1013 integrum
633 928 765 1012 perdunt
784 930 849 992 line
870 929 980 995 vitiata
1000 946 1153 1023 saporem.
1201 992 1205 1005 1

402 1057 432 1102 ae
454 1038 640 1102 Surrentina
660 1039 750 1107 salet
770 1038 824 1120 qui
842 1038 1055 1101 meretrcem
1073 1038 1211 1101 Falerna

453 1148 548 1227 Vina,
569 1142 749 1210 columbino
773 1146 877 1209 limum
897 1146 975 1211 hene
993 1145 1115 1237 colligit
1135 1166 1216 1223 ovo,

454 1250 612 1332 Quatenus
631 1255 693 1318 ina
713 1254 790 1336 petit
811 1252 941 1317 volvens
964 1244 1070 1318 aliena
1092 1255 1226 1317 vitellus.
1277 1266 1280 1279 ·

450 1363 555 1426 Tnatis
574 1368 759 1445 marcentem
781 1362 908 1445 squdlis
924 1362 1080 1426 recreabis
1101 1369 1132 1425 et
1154 1361 1233 1425 hira
1278 1432 1282 1443 ,
1317 1346 1321 1353 ’

454 1471 597 1536 Peterem
617 1470 768 1560 cochlea:
792 1486 863 1534 natu
885 1472 1008 1534 menes
1026 1472 1150 1533 innatat
1166 1470 1242 1533 acm
1276 1478 1281 1483 '

402 1594 434 1641 do
453 1579 528 1645 Post
542 1580 654 1663 ·aisum
675 1580 850 1673 marim
873 1566 970 1662 perna
991 1579 1090 1671 magis
1111 1598 1149 1641 ac
1170 1577 1272 1659 tnagis
1290 1574 1371 1640 hillis

324 1684 330 1691 “
453 1686 593 1770 Flagitnt
614 1688 646 1751 in
667 1705 788 1750 morsus
810 1688 907 1775 refici,
929 1685 1001 1770 pain
1025 1687 1127 1775 omnia
1144 1678 1255 1765 malit,
1339 1714 1348 1733 ·

447 1778 658 1879 ¹Quaecunque
678 1796 842 1859 immundis
862 1798 985 1858 fervent
1005 1795 1107 1866 allata
1127 1784 1262 1879 popinis.

452 1904 511 1967 list
529 1923 644 1986 operae
665 1905 796 1991 pretipum
815 1898 945 1987 duplicis
967 1890 1152 1986 pernoscere
1172 1902 1250 1965 iuris

454 2013 611 2081 Numam
656 2013 797 2096 Simplex¹
818 2012 939 2083 e2dulei
957 2019 1080 2074 constat
1100 2011 1199 2089 olivo,

405 2134 435 2181 os
460 2121 546 2198 Quod
567 2121 675 2204 pingui
697 2122 827 2184 miseere
846 2100 932 2184 nero
952 2121 1110 2202 muriaque
1130 2116 1266 2193 decebit,
1335 2155 1337 2158 -

455 2231 523 2292 Non
545 2212 609 2293 alia
626 2244 716 2311 ouem
739 2246 801 2313 qua
821 2227 975 2306 Byzantia
997 2228 1097 2310 putuit
1118 2238 1202 2291 orca
1241 2246 1245 2255 ·

384 2414 386 2419 Ι
456 2337 523 2424 linc
545 2337 598 2400 uhi
620 2338 776 2400 sonituum
797 2336 890 2399 sectis
910 2336 1057 2398 inferbuit
1079 2336 1181 2398 herbis

456 2445 647 2528 Corycioque
666 2464 757 2508 eroon
775 2463 919 2527 sparsum
941 2440 1048 2523 stetit,
1072 2446 1199 2527 insuper
1222 2436 1320 2507 addes

371 2578 423 2631 sim
441 2584 536 2629 aetate.
565 2606 599 2619 --
629 2576 756 2647 Musica]
775 2574 816 2626 Ab
834 2575 955 2643 exemplo
973 2558 1071 2643 quo'sv.
1090 2573 1126 2626 49
1143 2591 1206 2627 usus
1224 2583 1266 2626 est
1283 2574 1373 2626 Cetius
1389 2574 1445 2624 ultro

372 2650 403 2701 ad
422 2652 539 2711 vinorum
561 2656 701 2715 praecepta
719 2647 835 2699 aufertur
853 2649 880 2699 iu
899 2649 984 2714 iisqne
1002 2648 1088 2714 pergit
1106 2662 1191 2714 usque
1209 2646 1241 2698 ad
1260 2662 1286 2696 v.
1305 2644 1348 2699 62
1370 2679 1399 2690 -
1415 2655 1446 2695 te-

372 2722 494 2772 nuabitur
526 2717 582 2771 Plin
614 2720 644 2770 Η.
665 2718 695 2769 ll.
715 2719 852 2782 xlv,127:
884 2718 1065 2784 „Campaniae
1088 2719 1148 2767 vina
1168 2718 1328 2785 nobilissima
1345 2717 1446 2784 exposita

373 2788 422 2845 snb
439 2791 482 2842 dio
509 2805 525 2840 n
545 2789 615 2842 cadis
634 2788 764 2840 verberari
780 2789 846 2854 sole,
867 2788 937 2854 luna,
959 2788 1050 2853 imbre,
1069 2791 1153 2839 ventis
1163 2791 1324 2856 aptissimum
1336 2788 1445 2839 ridetur!

373 2895 407 2907 -
428 2863 481 2914 lino
499 2864 605 2982 nitiotnp
625 2861 685 2912 vide
704 2861 736 2911 ad
754 2860 837 2913 Garm.
855 2859 944 2925 1,,11,
962 2860 988 2912 6.
1008 2890 1043 2911 η-
1070 2861 1237 2931 Sementiua]
1260 2859 1326 2911 Plin·
1345 2858 1445 2922 x1v,8:

372 2934 428 3002 „Ad
447 2935 546 2985 tertiam
563 2949 596 2999 pa
608 2947 673 2983 mam
690 2946 788 2983 venere
806 2918 956 2984 Surrentina
975 2928 1217 3000 convalescentibus
1228 2932 1339 2982 mamone
1354 2930 1446 2998 probata

371 3014 478 3079 propter
497 3007 649 3056 tenuitatem
673 3003 910 3069 salubritatemque.
921 3012 937 3073 “,
983 3000 1083 3055 Colum.
1101 3001 1159 3064 xil,
1176 3003 1229 3055 30:
1260 3004 1311 3069 „st
1332 3018 1383 3070 qun
1399 3003 1446 3050 eins

374 3085 448 3129 erunt
467 3075 569 3126 duriora
590 3076 735 3125 autminus
754 3074 829 3137 hona,
849 3074 943 3127 sumito
962 3073 1063 3124 faecem
1083 3066 1137 3123 vini
1155 3073 1217 3125 boni
1235 3081 1263 3124 et
1280 3088 1362 3140 panse
1380 3073 1444 3123 insito

373 3156 399 3199 et
419 3149 445 3197 in
463 3144 519 3197 sole
535 3146 658 3197 arefecito
678 3154 704 3196 et
722 3146 826 3212 coquito
845 3146 872 3195 in
889 3146 960 3211 igne,
979 3152 1070 3211 postea
1089 3145 1164 3195 terito
1183 3153 1210 3196 et
1226 3145 1315 3211 pondo
1332 3144 1448 3212 mainn-

374 3226 425 3269 tem
447 3216 576 3282 amphoris
595 3215 705 3282 singulis
733 3217 853 3266 infricato
880 3225 907 3267 et
928 3215 1063 3267 oblinito.“
1109 3215 1185 3278 Quod
1210 3216 1232 3265 si
1262 3215 1360 3266 iactum
1384 3221 1449 3275 essct

373 3295 465 3356 postes
487 3301 537 3336 ovo
555 3285 702 3341 columbino
721 3286 908 3338 defaecandum
927 3296 982 3337 erat
1001 3287 1099 3339 vinum.
1126 3285 1196 3353 Haec
1209 3302 1314 3354 quoque
1332 3285 1448 3353 praescri·

374 3368 418 3427 pta
435 3357 553 3408 omnihus
572 3365 642 3407 nota.
664 3362 868 3428 -mnrcentem]
888 3360 968 3409 nimio
987 3365 1049 3424 potu
1067 3365 1228 3423 torpentem
1247 3359 1286 3408 sic
1306 3357 1447 3413 Tacitll'ut

373 3428 419 3494 111,
438 3428 472 3483 36
491 3426 623 3481 Vitellium
641 3427 773 3495 „desidem
792 3436 1009 3480 et.mercentem“
1027 3426 1150 3496 appellat.
1176 3459 1209 3470 -
1238 3430 1300 3481 aeri
1317 3427 1446 3493 stam}

373 3501 501 3555 aestuanti
546 3500 666 3552 Ceterum
687 3499 751 3551 haec
776 3499 808 3550 de
829 3499 931 3551 lactuca
949 3500 1064 3551 doctrino
1083 3500 1214 3550 contraria·
1231 3498 1448 3553 est-Romanam·

372 3570 563 3639 consuetudini.
599 3571 707 3627 hlastial.
725 3571 792 3633 xlii,
813 3569 862 3623 14:
881 3570 1024 3635 „claudere
1041 3584 1111 3638 quae
1127 3584 1222 3620 coenas
1238 3568 1342 3621 laomen
1363 3569 1450 3622 solebat

374 3656 495 3706 avorum,
521 3642 572 3693 llic
586 3642 658 3704 mihi,
676 3658 722 3693 our
739 3642 841 3697 mstme
858 3636 962 3695 inchoa't
979 3634 1024 3692 illa
1042 3638 1167 3707 depes?“
1204 3639 1276 3708 virg.
1294 3642 1389 3694 lieret
1407 3639 1447 3692 ih:

375 3717 519 3783 „Grataque
536 3712 661 3765 nobilium
685 3715 789 3782 requies
810 3712 910 3763 lactuca
930 3713 1069 3763 ciborum
1087 3741 1121 3755 -
1154 3711 1184 3761 in
1202 3716 1312 3782 mermes}
1336 3714 1380 3764 Sic
1394 3710 1450 3763 eoric

374 3786 485 3838 bendum
504 3799 535 3835 ex
556 3786 707 3835 auctoritate
718 3785 872 3851 optimorum
890 3783 1007 3837 codicum
1024 3793 1050 3834 et
1061 3782 1202 3833 editionum
1220 3785 1400 3853 antiquarum
1414 3780 1449 3848 qai

377 3872 476 3908 morsus
498 3856 550 3906 sint
568 3854 667 3906 videbis
686 3870 719 3906 ex
737 3854 805 3923 Virg.
823 3857 879 3906 Aen
908 3854 953 3918 lll,
971 3853 1033 3906 394.
1078 3851 1230 3905 Stomachus
1261 3856 1331 3905 enim
1352 3852 1448 3906 hominis

376 3930 420 3997 qui
440 3925 515 3979 nimis
536 3927 597 3976 vino
618 3925 725 3976 indulsit
743 3925 815 3977 cibos
835 3924 960 3996 (morsus)
980 3924 1096 3992 spernlt;
1118 3939 1196 3991 perna
1214 3922 1333 3997 ethium
1351 3925 1452 3977 relicitur

376 3998 407 4050 ad
426 4012 534 4048 morsus.
571 3996 609 4048 De
628 4010 696 4049 nova
714 3998 846 4065 potatione
873 4012 925 4047 non
949 3997 1050 4047 uidetur
1078 4010 1162 4047 sermo
1191 4010 1258 4047 esse.
1308 3998 1393 4060 Quare
1409 4008 1452 4046 nou

362 4069 463 4139 ‘placet
481 4067 587 4118 aliorum
605 4069 747 4131 immersus,
767 4067 835 4139 quod
854 4066 922 4119 idem
940 4083 1000 4118 esse
1021 4066 1344 4134 transmeduanensis»,
1364 4068 1451 4120 usin·

375 4148 416 4192 tus
422 4159 431 4204 ,·
449 4137 603 4190 vocabulum
623 4138 797 4192 dubine'sane
815 4147 841 4190 et
861 4140 1020 4190 auctoritatis
1039 4147 1066 4189 et
1084 4140 1313 4205 interpretationis.

447 4243 477 4297 V.
497 4243 541 4294 65.
567 4245 663 4315 muria]
684 4242 814 4312 liquamen
834 4245 975 4311 praecipue
993 4244 1157 4309 thynnorum.
1194 4243 1282 4296 Catius
1302 4258 1360 4295 eam
1378 4239 1452 4295 laudat

377 4331 444 4385 qnae
462 4322 565 4382 parietur
580 4330 614 4365 ex
634 4315 738 4380 thynnis
756 4314 823 4381 apud
841 4314 992 4381 Byzantium
1011 4317 1151 4382 captis-
1169 4319 1243 4386 eren]
1264 4330 1310 4366 vas
1329 4308 1451 4366 hetilerel

378 4388 492 4453 ligneum
510 4385 831 4440 servandissslsementis.
857 4417 890 4428 -
918 4387 967 4438 hoe
985 4386 1040 4455 uda]
1063 4385 1127 4437 Cum
1145 4385 1238 4453 quihus
1255 4385 1334 4437 rebus
1356 4397 1453 4452 compo·

378 4459 454 4507 situm
474 4457 507 4505 sit
524 4456 563 4504 ius
582 4456 691 4523 simplex
709 4459 868 4523 exposuerit,
887 4460 937 4509 iam
956 4472 988 4508 ea
1005 4457 1076 4508 addit
1093 4473 1160 4525 quae
1179 4466 1208 4509 ut
1226 4460 1396 4523 compositum
1417 4458 1450 4505 ins

377 4532 481 4593 paretur
499 4524 623 4577 addantur
640 4542 750 4579 necesse
770 4531 812 4579 sit.
834 4560 866 4572 -
886 4528 982 4600 herlu]
1002 4529 1099 4595 erucis,
1118 4520 1207 4593 inuiis,
1223 4538 1252 4580 ut
1265 4529 1318 4585 Sat
1337 4522 1369 4593 ll,
1386 4527 1452 4592 8,ss
