3117 5042
766 455 1038 521 cnnmtnttltt

554 645 649 719 Quem
669 641 696 703 si
718 640 889 721 puellarum
911 636 1065 700 insereres
1089 635 1202 711 ebore,

551 750 631 813 lllire
653 765 785 830 sagaces
807 746 934 809 tolleret
955 743 1092 825 hospites
1190 830 1193 834 Ι

593 857 763 922 lliscritnen
786 855 949 919 obscurum
970 854 1080 916 solutis

639 965 785 1031 Crinibus
806 962 1009 1046 ambiguoque
1033 963 1128 1025 vultu.

767 1243 1089 1360 Carmente
1169 1311 1171 1318 ⁴

552 1413 704 1495 Septim,
726 1412 833 1477 (ludes
854 1412 976 1477 aditure
995 1429 1110 1475 mecum
1133 1417 1163 1472 et
1203 1439 1206 1444 ’

550 1521 737 1587 &stobrum
757 1522 913 1585 indoctum
933 1521 1007 1602 iuga
1028 1522 1113 1583 ferre
1137 1525 1246 1582 rosim
1267 1525 1298 1580 et

549 1630 707 1695 &aberas
726 1628 858 1709 Syrtes,
878 1631 931 1693 nbi
945 1627 1064 1693 'Maura
1088 1643 1209 1709 semper

633 1739 763 1803 Aestuat
783 1739 886 1802 undat

516 1871 650 1934 a'l'ibur
673 1872 778 1955 Argeo
800 1871 931 1954 positum
951 1851 1062 1933 colono

551 1979 601 2043 Sit
620 1999 707 2046 nacae
731 1980 824 2046 sedes
843 1980 960 2043 utinam
981 1986 1147 2059 seneciae,

550 2087 602 2151 sit
621 2088 729 2152 modus
746 2090 831 2158 lasso
852 2088 946 2154 nauis
970 2095 1001 2154 et
1021 2088 1139 2151 morunt

634 2195 845 2281 Militiaeque!

350 2379 383 2391 -
401 2364 440 2401 oo.
460 2378 490 2390 -
508 2349 588 2418 mirol
602 2346 761 2402 Aduerbium
778 2352 910 2420 coniunge
930 2349 1170 2418 cumpelleret-
1207 2313 1298 2401 solutu
1317 2346 1447 2417 metius]

349 2418 462 2472 Alebaut
480 2419 602 2486 capillum
621 2422 697 2488 pueri
716 2423 839 2490 ingenui,
856 2423 966 2474 maxime
985 2421 1099 2476 delicati.
1125 2420 1159 2472 ci.
1178 2417 1260 2488 Epod.
1282 2419 1324 2480 11,
1345 2417 1391 2471 28.
1415 2448 1448 2459 -

301 2541 305 2548 .
349 2491 468 2614 fimtdipltt}
484 2489 567 2614 1171114111]
587 2495 661 2545 cuius
681 2493 756 2545 uultu
773 2509 826 2545 non
842 2493 1005 2559 intelligitur,
1025 2495 1094 2544 sitne
1112 2507 1177 2559 puer
1199 2507 1231 2543 an
1251 2488 1349 2557 puella.
1370 2488 1449 2542 Orid.

376 2578 410 2613 e.
467 2600 476 2627 ,
553 2578 611 2631 sqq.

786 2666 932 2719 Carmen
962 2667 1005 2719 Vl

419 2766 537 2835 Scprtionr'i
556 2781 661 2830 nomen,
681 2767 751 2835 quod
771 2769 798 2818 in
819 2768 873 2819 boc
889 2771 1002 2820 carmine
1021 2767 1135 2835 tegitur,
1166 2767 1207 2819 est'
1224 2768 1301 2818 etiam
1321 2766 1347 2816 in
1367 2766 1448 2833 epist.

349 2835 371 2900 l,
392 2835 410 2889 9
431 2838 503 2888 etin
522 2837 667 2905 fragmento
687 2838 816 2904 epistolae
835 2841 946 2908 Augusti
965 2840 997 2891 ad
1021 2840 1152 2891 lloratiunr
1172 2839 1256 2890 datae.
1302 2837 1369 2889 Vide
1397 2835 1449 2888 Via

349 2908 411 2960 lior.
432 2923 458 2976 p.
481 2908 522 2966 12.
562 2907 628 2960 Viris
655 2906 738 2961 domis
764 2909 900 2961 admodum
928 2910 1064 2979 probabile
1087 2913 1174 2961 visum
1201 2918 1241 2961 est
1266 2907 1348 2959 tribus
1381 2909 1449 2959 locis

351 2978 464 3031 eundem
484 2977 614 3031 hominem
632 2980 749 3032 indicari.
788 2981 863 3044 Quod
881 2997 940 3033 cum
959 2982 1073 3036 libenter
1092 2982 1249 3033 concedatur
1267 2978 1300 3030 de
1320 2980 1449 3046 Septimio

352 3050 503 3113 Horatiano,
522 3049 649 3102 dubitatio
667 3060 755 3103 minen
776 3061 858 3104 resmt
875 3052 908 3104 de
926 3056 1003 3106 tertio
1020 3052 1067 3104 illo
1078 3053 1103 3103 in
1118 3051 1230 3121 epistola
1243 3052 1377 3117 Angusti3
1395 3051 1447 3101 nisi

351 3121 418 3171 lorte
447 3119 539 3171 credas
567 3122 678 3187 Augusti
704 3124 841 3189 epistolam
863 3123 906 3176 diu
926 3134 985 3192 post
1002 3125 1100 3175 lloratii
1125 3139 1219 3174 nonam
1239 3122 1361 3187 scriptam
1379 3135 1448 3172 esse.

350 3190 403 3244 Sed
422 3190 558 3241 admodum
577 3189 677 3243 lubrica
694 3207 736 3246 res
756 3202 805 3259 est,
826 3196 876 3246 nisi
897 3196 965 3263 quod
984 3212 1017 3247 cx
1037 3195 1088 3245 line
1108 3196 1228 3258 carminis
1249 3201 1321 3244 recte
1340 3191 1387 3243 tibi
1407 3193 1450 3242 ri-
1542 3216 1543 3219 ¹

350 3261 420 3312 deris
441 3260 598 3312 concludere
622 3264 775 3328 Septimium
794 3265 863 3316 bunc
888 3265 994 3318 lloratio
1021 3265 1101 3316 multo
1129 3264 1211 3315 luisse
1235 3265 1374 3315 iuniorem.
1409 3262 1450 3314 lle

351 3332 403 3392 laon
420 3333 535 3383 carmine
553 3340 628 3383 recte
644 3333 808 3390 abumarum
826 3344 875 3398 est
894 3337 1012 3387 secundo
1030 3352 1107 3387 versu
1125 3335 1275 3402 idspatium
1291 3333 1449 3402 significari,

352 3402 422 3470 qnod
441 3409 481 3453 est
501 3404 568 3453 inter
593 3404 853 3458 attentarat.
901 3403 965 3460 liam
993 3423 1051 3458 cum
1080 3422 1103 3456 a.
1124 3406 1178 3458 725
1200 3406 1308 3457 Romani
1335 3405 1447 3471 primum

352 3473 495 3526 Cantabros
513 3473 648 3540 vicissent,
668 3473 695 3530 nt
716 3491 738 3527 a.
758 3473 811 3529 728
831 3479 921 3544 iugum
939 3487 1062 3529 excutere
1081 3477 1245 3529 maduissent
1258 3486 1374 3528 etanno
1399 3475 1449 3527 de-

351 3561 422 3597 nium
438 3543 491 3596 734
508 3544 725 3612 devincerentur,
747 3548 868 3600 lloruius
894 3558 964 3599 certe
991 3549 1140 3600 Cantabros
1155 3550 1274 3601 indoctos
1291 3548 1358 3615 inape
1375 3548 1448 3613 [erre

351 3618 473 3668 moroan
501 3623 561 3666 ante
591 3632 614 3666 a.
636 3616 688 3668 728
717 3634 769 3686 quo
799 3621 909 3685 primum
930 3621 1090 3671 rebellarunt
1115 3634 1166 3671 non
1192 3620 1277 3687 potuit
1299 3617 1447 3684 appellare.

353 3685 530 3754 Compositum
548 3687 627 3753 igitur
647 3688 749 3743 ridetur
766 3706 790 3744 a.
811 3688 862 3742 729
880 3705 904 3741 r.
925 3691 996 3756 730,-
1024 3706 1082 3744 nant
1110 3691 1164 3743 noli
1186 3690 1295 3742 credere
1312 3688 1448 3756 lior-atium

354 3757 474 3810 Sabinam
501 3756 596 3808 villam.
617 3759 731 3810 nondum
761 3762 911 3828 accepisse,
941 3762 967 3812 id
985 3762 1054 3829 quod
1071 3760 1129 3813 aliis
1149 3762 1254 3830 placuit.
1300 3757 1405 3820 liburia
1423 3767 1451 3809 et

352 3827 454 3884 Tarenti
473 3827 630 3880 desiderium
648 3832 726 3883 etiam
745 3833 913 3899 exprimitur,
934 3846 991 3883 cum
1008 3831 1167 3887 iamdudum
1186 3831 1308 3885 Sabinam
1325 3831 1450 3898 accepis·

353 3908 403 3952 set.
437 3898 522 3954 carm.
543 3899 589 3965 lll,
606 3900 634 3965 4,
649 3904 685 3960 21
700 3919 757 3971 sqq.
778 3904 860 3969 Epist.
881 3902 902 3965 l,
921 3903 946 3967 t,
963 3903 1007 3958 44.
1269 3953 1272 3957 .

423 3987 456 4040 V,
469 3988 491 4038 i.
514 3987 625 4057 adduce}
646 3990 690 4056 qui
711 3988 782 4040 adire
802 3995 962 4055 patalenes,
980 3990 1024 4057 qai
1045 4003 1147 4039 mecum
1164 3988 1187 4039 si
1206 4001 1272 4054 opus
1295 3987 1337 4050 sit,
1357 3986 1452 4038 libenti

355 4056 440 4116 animo
453 4057 544 4108 ndens.
580 4058 671 4113 Tribus
691 4061 818 4128 exemplis
837 4062 916 4112 utitur
935 4069 1026 4128 poeta,
1047 4059 1177 4122 Cnidius,
1195 4060 1245 4126 qui
1260 4066 1393 4110 extremas
1411 4065 1454 4109 est

355 4125 475 4193 Europae
494 4125 583 4192 locus3
608 4129 753 4194 Ganmbro,
774 4143 843 4199 quae
861 4134 933 4182 natio
951 4140 993 4183 est
1011 4132 1171 4182 ferocissima
1189 4129 1289 4197 (Carra.
1309 4128 1342 4192 tt,
1364 4131 1414 4190 11,
1429 4130 1452 4179 1.

355 4193 402 4259 111,
421 4197 446 4261 8,
465 4197 508 4249 22.
527 4198 571 4260 lV,
592 4199 633 4265 14,
652 4200 697 4253 41.
723 4201 805 4268 Epist
825 4201 845 4267 l,
868 4204 909 4265 12,
930 4201 995 4270 26);
1026 4201 1148 4265 Syrtibus
1169 4209 1275 4267 propter
1304 4207 1454 4266 tetnpasta-

355 4274 396 4317 tes
415 4275 442 4318 et
460 4268 583 4334 scopulos
599 4275 711 4323 mutire
729 4272 885 4338 periculosis
907 4271 1005 4339 (Carni.
1028 4272 1049 4336 l,
1068 4273 1111 4334 22,
1131 4271 1157 4322 5.
1190 4269 1274 4337 Epod.
1293 4270 1319 4334 9,
1339 4271 1399 4338 31).
1419 4301 1452 4312 -

356 4337 456 4391 staura
471 4339 554 4423 uodo]
573 4340 634 4392 uide
652 4343 684 4392 ad
707 4341 793 4394 Carnu.
814 4343 834 4408 l,
855 4346 877 4407 1,
895 4342 938 4396 28.
960 4375 990 4387 -
1021 4344 1118 4412 Arpeo]
1139 4357 1233 4410 graeca
1250 4342 1372 4392 adiectiri
1394 4339 1453 4391 l'or-

355 4424 411 4474 ma,
433 4410 459 4460 in
481 4406 569 4473 lyricis
591 4409 696 4477 saepius
714 4412 810 4476 obvia;
840 4416 878 4464 sic
897 4413 1010 4467 lexicos
1027 4414 1112 4465 Carra.
1131 4412 1151 4476 l,
1174 4415 1198 4476 t,
1216 4414 1268 4475 34,
1301 4410 1455 4466 Daedalus

354 4477 388 4541 lt,
406 4479 449 4542 20,
471 4480 515 4531 13.
560 4478 680 4532 Ceterum
704 4483 765 4534 vido
791 4484 823 4535 ad
849 4484 936 4536 Carra.
953 4483 976 4547 l,
995 4486 1082 4546 7,.13.
1108 4484 1129 4545 l,
1153 4481 1195 4546 18,
1214 4484 1240 4535 2.
1288 4483 1362 4548 lllrg.
1382 4483 1452 4532 Aen.

355 4547 414 4612 llll,
431 4547 486 4602 670
496 4563 554 4616 sqq.
571 4578 608 4593 -·
634 4558 765 4624 mactae]
786 4553 890 4607 Tertius
903 4569 979 4607 casos
995 4563 1056 4618 est,
1074 4553 1284 4608 noo'seonndus.
1302 4583 1334 4600 -
1359 4554 1453 4622 noro]
