3117 5042
718 1435 760 1511 o.
780 1425 967 1495 'noasrn
1000 1392 1154 1503 ‘susem¹

470 1670 1386 1821 nr1snossaun

739 1985 880 2053 LIBER
913 1983 1097 2049 PRIMUS·
1169 2000 1182 2037 1

866 2211 990 2224 ..ια’-,-

789 2360 1009 2470 Epistola
1041 2374 1066 2446 l.

465 2532 567 2597 Prima
589 2533 673 2595 dicte
692 2532 784 2613 mihi,
805 2552 923 2597 worma
942 2532 1071 2596 dicende
1091 2533 1242 2607 Camena,

467 2640 646 2722 Spectatum
669 2641 747 2704 satis
763 2647 795 2703 et
814 2640 958 2731 donatum
979 2641 1040 2705 iam
1060 2642 1136 2705 rude
1158 2644 1298 2726 qnaeris,

827 2802 1001 2870 Epistola
1027 2803 1047 2855 l.

410 2936 414 2943 ·
477 2908 558 2961 Editio
579 2907 660 2960 tribus
678 2909 820 2963 carminum
840 2908 913 2959 libris
930 2908 1052 2959 lloratins
1070 2923 1188 2976 maguam
1209 2907 1260 2959 sihi
1282 2906 1383 2959 nominis
1399 2899 1443 2967 glt·

384 2982 447 3034 riam
466 2988 616 3047 paraveram
648 2996 681 3038 ex
706 2995 757 3047 quo
786 2988 903 3046 tempore
921 2994 980 3030 cuns
998 2979 1085 3047 plures
1109 2981 1168 3031 anni
1196 2980 1355 3043 transiissent
1373 2973 1446 3042 quibas

385 3051 516 3104 Romanae
534 3050 607 3117 lyrae
625 3050 719 3101 fidicen
747 3049 811 3101 nihil
832 3051 863 3101 ad
885 3050 1077 3103 sustentandam
1094 3049 1274 3117 augendamvo
1294 3047 1386 3099 laudem
1402 3042 1448 3093 non

386 3120 535 3185 addidisset,
556 3138 621 3172 unus
639 3137 704 3172 sune
721 3136 772 3172 non
795 3120 843 3172 luit
861 3121 1006 3186 Maecenas,
1025 3123 1067 3189 qui
1087 3129 1192 3188 poetam
1210 3129 1237 3170 ut
1256 3119 1389 3170 laudisone
1399 3130 1449 3164 ron·

385 3191 484 3243 sulerst
501 3191 629 3253 benevola
649 3191 823 3242 admonitione
843 3193 970 3242 incitaret.
1016 3192 1066 3245 Sed
1087 3188 1363 3258 „tempora'mutautur
1379 3196 1401 3237 et
1415 3200 1451 3236 uos

384 3268 511 3313 mutamur
530 3264 556 3312 in
577 3262 651 3312 illis“
676 3277 763 3328 nequa
783 3264 891 3330 quaevis
912 3271 983 3312 aetas
1004 3272 1048 3314 aut
1066 3265 1151 3330 quivis
1170 3264 1271 3312 animus
1291 3271 1363 3328 aptus
1380 3253 1452 3309 estol

387 3331 566 3398 componenda
588 3332 671 3397 lyrica
690 3335 813 3397 cunina,
828 3333 921 3400 quihus
940 3335 1092 3385 tenerrimos
1111 3342 1138 3384 et
1155 3335 1259 3384 intimos
1269 3348 1359 3384 sensus
1378 3336 1453 3396 poetae

387 3405 533 3471 exprimere
554 3403 648 3455 solent
692 3398 766 3466 Quod
786 3419 861 3470 quarn
880 3405 914 3454 sit
933 3419 1023 3457 verum
1040 3404 1159 3455 Horatius
1178 3419 1283 3472 quoque
1305 3403 1383 3455 sensit
1399 3413 1454 3450 eu·

386 3490 437 3543 que
455 3476 648 3525 excusationem
665 3473 821 3526 Maecenatis
840 3477 1032 3543 amicorumque
1055 3475 1221 3543 'reliquorum
1247 3474 1372 3526 voluntati
1388 3484 1454 3536 oppa

386 3552 446 3599 solt.
483 3544 569 3609 Quare
587 3544 696 3597 olimae
715 3544 810 3597 lusisse
824 3546 860 3595 ait
878 3544 1080 3609 adolescentem,
1098 3541 1149 3597 ism
1168 3547 1268 3598 severis
1285 3561 1315 3596 so
1332 3540 1453 3608 disciplinis

386 3626 412 3669 et
431 3616 521 3668 studiis
540 3616 653 3668 deditum
673 3632 729 3667 eam
750 3617 905 3684 conquirere
924 3632 1009 3681 rerum
1028 3618 1145 3685 copiam,
1163 3616 1232 3668 unde
1253 3631 1375 3667 summam
1394 3612 1455 3687 pontii

387 3703 482 3755 capere
500 3687 636 3739 utilitatem
657 3687 689 3738 ad
709 3688 787 3737 vitam
808 3690 939 3754 sapienter
956 3688 1145 3739 instituendam.
1198 3688 1252 3738 lloc
1271 3689 1340 3738 enirn
1357 3701 1383 3735 sc
1399 3695 1455 3748 sequ

386 3761 413 3811 in
432 3758 510 3812 rebus
528 3758 716 3825 philosophicis
731 3757 889 3823 consiliunt,'
912 3758 1022 3810 eandem
1049 3758 1082 3811 oli
1110 3775 1165 3810 rem
1190 3759 1233 3809 uni
1263 3755 1454 3825 philosophema

388 3829 542 3896 disciplinae
562 3846 591 3881 sa
609 3845 660 3880 non
679 3828 808 3879 addictum
833 3843 892 3881 esse
916 3829 962 3879 sed
993 3828 1166 3898 undecunque
1193 3829 1248 3879 lieri
1274 3830 1356 3895 possit
1380 3825 1454 3892 optim

390 3916 510 3968 quaeque
529 3908 554 3951 et
573 3898 708 3951 herissima
731 3898 857 3966 colligere
879 3904 917 3968 (v.
940 3900 996 3969 19).
1044 3901 1074 3953 ln
1097 3893 1150 3967 qua'
1173 3915 1200 3950 re
1223 3916 1281 3950 cum
1299 3896 1454 3950 ardentissimo

390 3971 474 4023 studio
494 3979 521 4022 et
541 3970 673 4022 indefesso
692 3971 777 4021 animo
796 3970 921 4033 elaboret,
941 3979 1026 4021 tamen
1045 3971 1242 4038 haudquaquam
1260 3985 1289 4021 se
1307 3969 1403 4020 nescire
1416 3976 1454 4014 non

391 4041 510 4093 omnihus
529 4040 563 4093 ad
589 4057 714 4092 summum
739 4041 882 4092 ascendere
908 4039 1040 4108 fastigium
1070 4044 1213 4108 sapientiae
1233 4056 1294 4091 esse
1312 4047 1454 4090 concessum

392 4112 563 4179 largissimam
582 4127 646 4162 vero
667 4110 702 4162 ibi
721 4120 835 4178 paratam
855 4126 915 4162 esse
932 4113 1048 4164 veritatis
1067 4115 1139 4181 qnasi
1156 4111 1284 4180 quandam
1302 4124 1418 4167 messem,
1433 4110 1454 4151 tl

390 4186 476 4253 quivis
497 4182 589 4250 quovis
616 4191 733 4248 tempore
755 4190 799 4232 aut
817 4182 1020 4234 consolationem
1047 4182 1172 4234 malorum
1191 4191 1235 4233 ant
1259 4180 1453 4250 perturbationum

391 4255 469 4306 animi
488 4252 650 4305 sedationem
666 4253 726 4304 dum
744 4252 809 4304 velit
828 4255 910 4319 possit
926 4254 963 4304 ibi
987 4256 1118 4320 reperire:
1150 4257 1176 4305 in
1198 4269 1249 4320 qua
1262 4252 1374 4321 'quidem
1393 4246 1453 4299 anim

392 4323 531 4393 perturbati
549 4325 683 4375 sedatione
701 4325 854 4391 principium
867 4324 1023 4375 cernendum
1044 4339 1103 4375 esse
1117 4326 1260 4391 sapientiae
1273 4330 1304 4391 (v
1323 4323 1375 4387 41).
1397 4315 1453 4370 Stal-

393 4398 465 4447 titiaa
485 4395 585 4445 radices
604 4397 702 4462 positas
721 4410 779 4446 esse
798 4397 823 4444 in
843 4410 923 4461 pravo
941 4395 973 4446 de
991 4395 1069 4447 rebus
1086 4396 1197 4459 iudicio;
1226 4410 1306 4462 quare
1327 4390 1453 4443 admiratio·

392 4481 452 4535 nmo
471 4473 498 4517 et
515 4463 671 4517 desiderium
690 4465 836 4518 coercenda
859 4482 918 4521 esse
935 4465 967 4518 ad
985 4482 1018 4518 aa
1036 4481 1104 4536 quaa
1126 4483 1188 4519 vere
1206 4466 1275 4518 bona
1295 4467 1344 4517 siut
1359 4461 1381 4512 h.
1397 4475 1417 4510 e
1431 4456 1456 4507 td
