3117 5042
336 401 432 469 nin.
454 404 506 467 ΙΙΙ.
549 403 711 471 ctum,
732 406 979 471 xxllt.xxrv.
1146 410 1211 475 M

481 619 688 695 Carmen
722 621 839 697 xxiv,

318 784 445 848 intactis
465 785 640 867 opulentior

402 892 574 956 Thesauris
594 893 731 971 Arnim
754 900 786 956 et
806 894 914 959 divitis
935 895 1041 960 lndiae
1093 943 1097 952 .

321 998 495 1069 Cacmentis
516 1000 590 1063 lieet
611 1019 742 1082 occupes

403 1107 600 1185 Tyrrhenum
619 1125 709 1171 omne
731 1107 793 1171 tuis
813 1114 845 1171 et
863 1128 948 1172 mare
967 1111 1148 1195 ltprimum,

283 1214 353 1279 ssi
373 1215 442 1296 ligit
464 1215 679 1278 adamantinos

401 1321 538 1386 Summis
557 1320 723 1385 uerticibus
742 1321 814 1387 dira
834 1324 1010 1391 Necessitas

318 1426 449 1504 Claros,
469 1448 531 1492 non
556 1429 690 1493 aninum
711 1435 814 1507 areta,

408 1537 477 1601 Non
498 1536 608 1601 mortis
627 1536 747 1621 laqueis
770 1537 917 1620 expedies
937 1546 1039 1622 eaput.

529 1723 679 1775 Carmen
705 1723 795 1775 XXlV.

187 1831 299 1883 Accedit
315 1831 366 1883 hoc
383 1847 486 1884 mrmen
504 1832 557 1899 iis,
574 1835 600 1885 in
618 1834 711 1902 quibus
729 1835 756 1885 in
775 1840 911 1901 corruptos
931 1848 995 1887 suae
1013 1836 1106 1887 aetatis
1123 1838 1210 1891 morea

118 1914 261 1970 eorumque
279 1904 427 1970 originem,
447 1905 538 1955 nimias
557 1905 716 1971 privatorum
736 1905 868 1956 homiuum
887 1905 1009 1969 diuitias,
1031 1908 1150 1959 invectus
1168 1915 1210 1960 est

117 1971 246 2026 lloratins.
284 1973 426 2041 Pmponam
445 1975 524 2042 igitur
550 1975 775 2043 consiliumquod
793 1975 934 2028 inhaere
953 1992 1023 2028 nunc
1042 1986 1146 2030 secutus
1166 1980 1210 2031 ri-

118 2042 201 2095 dctar.
245 2043 359 2096 Divitiae
384 2052 411 2095 ct
428 2043 529 2097 luxuria
547 2060 605 2097 cnm
622 2053 750 2113 perpetuo
767 2047 901 2115 exagitent
919 2046 1037 2103 homines
1053 2064 1141 2116 neque
1157 2065 1209 2102 un-

118 2129 195 2181 quam
213 2114 288 2182 ipsae
304 2114 338 2166 ad
356 2111 467 2182 aliquem
485 2116 562 2167 finem
580 2118 756 2183 perveniant,
788 2116 879 2169 beatos
900 2117 1009 2170 reddere
1027 2132 1080 2170 non
1100 2128 1210 2187 possunt

117 2189 157 2253 (r.
177 2184 225 2253 9);
244 2200 326 2253 quare
345 2184 426 2237 multo
444 2185 576 2239 feliciores
594 2195 655 2240 sunt
672 2188 691 2238 ii
712 2189 756 2256 qui
771 2187 930 2256 simplicitati
944 2197 1051 2240 naturae
1061 2192 1210 2257 propriores

115 2270 204 2323 neque
230 2256 340 2308 delicias
366 2257 436 2307 uitae
461 2272 548 2325 neque
575 2272 643 2325 quae
669 2257 732 2311 inde
757 2260 915 2324 proueniunt
939 2258 1007 2311 mala
1031 2270 1211 2328 cognoverant

115 2324 225 2394 (ms).
261 2326 315 2378 lam
334 2341 393 2377 eum
410 2326 518 2379 Romani
537 2327 619 2380 semel
637 2327 670 2379 ab
686 2329 737 2380 ista
751 2330 796 2380 viai
813 2328 916 2380 abducti
937 2331 963 2381 in
980 2346 1104 2382 summam
1122 2347 1209 2384 raram

115 2396 312 2463 perversitatem
337 2396 492 2463 ceciderint,
520 2399 579 2449 rire
603 2399 714 2455 maxime
743 2414 809 2467 opus
834 2407 876 2451 est
895 2400 939 2467 qui
956 2401 1087 2452 refrenata
1103 2401 1210 2455 licentia

115 2468 289 2534 restitutoque
308 2476 381 2519 recto
397 2482 485 2521 rerum
501 2468 593 2520 ordine
608 2470 705 2538 optime
725 2477 752 2521 et
768 2468 948 2521 immortaliter
965 2472 1136 2525 mereatardc
1148 2475 1209 2524 uni-

115 2552 210 2589 versae
225 2539 339 2590 ciuitatis
358 2537 443 2590 salute
465 2543 505 2608 (v.
525 2539 584 2609 32).
627 2539 698 2592 llaec
722 2541 842 2607 superior
860 2555 920 2608 pars
940 2543 1076 2606 caminis,
1109 2544 1211 2610 etipsa

117 2607 291 2676 aequabiliter
309 2616 336 2660 et
352 2616 413 2676 apte
431 2608 523 2661 divisa.
559 2609 649 2662 Altera
666 2625 719 2662 non
738 2612 824 2663 minor
841 2618 896 2662 tnta
914 2614 1072 2664 consumitur
1090 2622 1212 2667 accurata

114 2681 200 2747 magis
220 2687 248 2730 et
265 2679 346 2732 ubere
365 2678 539 2746 explicatione
563 2689 695 2733 extremae
720 2681 813 2747 prioris
840 2682 920 2748 partis
947 2685 1093 2735 sententiae
1117 2684 1211 2739 additis

117 2748 194 2801 amul
213 2751 336 2802 remediis
358 2752 435 2802 etiam
456 2750 673 2821 desperatissimis
694 2751 982 2804 coercendaelibidinis
1000 2754 1211 2824 avertendaeque

115 2821 253 2887 perniciei.
299 2820 403 2888 Duplici
421 2829 507 2872 autern
528 2823 591 2885 via,
615 2821 691 2874 simul
711 2823 845 2886 ineunda,
866 2838 898 2875 eo
917 2836 996 2892 posse
1017 2826 1147 2893 perveniri
1166 2828 1211 2893 ait,

116 2891 264 2943 minuendis
291 2890 449 2960 privatorum
466 2891 599 2944 hominnm
619 2892 716 2945 diuitiis
736 2908 768 2945 ac
785 2892 895 2946 meliore
921 2896 948 2945 in
965 2898 1052 2962 pueris
1069 2895 1212 2953 educandis

115 2964 226 3015 ratium.
262 2961 409 3014 Extremum
428 2963 542 3031 denique
558 2977 663 3015 carmen
685 2979 737 3015 non
757 2965 815 3025 siue
833 2971 888 3015 arte
907 2979 940 3016 eo
959 2965 1027 3017 unde
1048 2966 1147 3018 exierat
1162 2982 1211 3019 re-

117 3030 162 3084 dit.
191 3064 223 3075 -
259 3033 316 3085 Non
334 3033 402 3084 male
417 3035 542 3101 suspicati
563 3042 624 3086 sunt
640 3035 815 3101 interpretes,
840 3036 1012 3102 compositum
1032 3051 1092 3087 esse
1108 3052 1212 3090 carmen

116 3117 186 3154 anno
203 3104 263 3155 lere
283 3105 335 3157 725
356 3103 400 3155 vel
418 3103 485 3168 7265
504 3119 555 3172 quo
575 3113 693 3171 tempore
711 3105 845 3172 Augustus
863 3103 896 3156 de
914 3106 1081 3163 emendandis
1094 3107 1210 3161 moribus

116 3175 253 3241 cogitavit,
290 3175 387 3227 Primus
406 3175 492 3227 statim
510 3190 601 3226 veram
620 3184 680 3228 ante
699 3175 938 3246 clauserimus
959 3193 1020 3232 case
1037 3178 1115 3237 docet
1132 3186 1159 3233 et
1167 3195 1213 3233 re·

120 3260 183 3298 cena
202 3252 246 3296 est
263 3260 289 3297 v.
308 3247 409 3315 25sqq.
428 3244 559 3297 bellorum
577 3245 694 3297 ciuilium
709 3247 842 3300 memoria.

187 3355 220 3408 ll.
241 3354 263 3407 1.
283 3354 403 3425 Intactis]
422 3370 438 3405 a
454 3354 586 3412 Romanis.
607 3356 646 3408 lie
665 3355 759 3408 Arabia
779 3364 806 3409 et
822 3357 906 3423 india,
925 3357 1022 3426 ignotis
1039 3372 1121 3427 prope
1140 3373 1213 3412 sarn-

116 3438 216 3477 marnrn
233 3424 385 3477 diuitiarum⁴
400 3424 506 3477 sedibus
523 3424 584 3477 vide
601 3426 685 3482 Caum
696 3428 717 3489 Ι,
728 3427 772 3491 29,
782 3431 805 3478 l.
824 3428 906 3496 Epist.
914 3428 935 3493 l,
945 3428 971 3491 6,
978 3430 1004 3482 d.
1023 3429 1063 3480 De
1071 3432 1213 3482 caementis

116 3495 178 3548 uide
196 3492 231 3547 ad
252 3496 337 3548 Carsu.
356 3495 402 3559 ill,
423 3500 447 3560 1,
464 3497 509 3559 35,
524 3497 558 3549 de
574 3498 656 3563 prima
674 3496 775 3563 syllaba
792 3501 904 3550 nominis
922 3493 1059 3567 Apaiicsa'a
1076 3498 1107 3549 ad
1128 3498 1212 3564 titt,

116 3564 143 3617 ⁹.
163 3568 206 3621 10.
226 3596 263 3608 -
281 3567 578 3637 ammoneremus]
606 3566 717 3619 Verbum
732 3569 813 3636 ripere
832 3584 890 3619 cnm
908 3567 1030 3620 llornanis
1049 3582 1081 3619 ex
1101 3582 1213 3633 prover·

115 3634 160 3686 bie
180 3638 209 3689 in
227 3638 379 3689 memoriam
395 3645 503 3690 vocaret
519 3638 607 3691 claena
627 3637 759 3700 uniam,
786 3638 820 3689 de
843 3637 936 3706 quibus
953 3638 1014 3689 vide
1034 3638 1067 3688 ad
1086 3637 1170 3690 Germ
1190 3639 1213 3704 l,

116 3706 162 3769 ³5,
183 3707 227 3770 18,
249 3723 362 3759 summos
381 3710 494 3760 vertices
512 3711 556 3776 qui
577 3716 667 3761 essent
684 3707 790 3775 putandi
808 3710 922 3760 incertos
940 3723 992 3759 non
1010 3707 1124 3775 reliquit.
1147 3710 1214 3763 Sunt

116 3779 187 3830 euim
206 3778 313 3846 lastigie
330 3778 451 3843 aedium,
480 3794 533 3831 non
559 3794 625 3848 quos
643 3777 687 3830 alii
706 3780 768 3829 satis
789 3781 855 3831 mira
872 3778 1012 3830 voluerunt
1028 3780 1141 3830 vertices
1163 3779 1214 3830 ho-

115 3851 226 3901 minurn.
262 3849 325 3901 Nam
345 3847 407 3917 quid
424 3851 516 3901 maai
532 3852 644 3902 vertices
663 3848 816 3901 hominum?
851 3847 943 3917 licque
962 3847 1055 3901 melior
1072 3857 1113 3901 est
1130 3849 1215 3901 luter-

117 3922 232 3984 pretatio
250 3934 357 3985 eorum,
383 3921 428 3987 qui
454 3923 557 3973 manetis
573 3921 711 3972 verticibus
731 3919 844 3971 datiuum
863 3935 923 3971 esse
944 3927 1064 3986 putantes
1081 3920 1214 3973 clarorum

119 3993 207 4056 capita
227 3990 368 4058 explicant.
404 3990 538 4043 Sententia
558 3991 637 4058 igitur
655 3991 721 4043 lraee
737 3998 793 4053 est3
811 3991 875 4042 licat
892 3990 1005 4042 omnium
1025 3997 1051 4040 tu
1068 3991 1215 4045 mortalium

117 4059 262 4112 &tissimus
281 4069 419 4128 utrumque
436 4076 508 4114 mare
529 4061 599 4113 villis
618 4063 667 4113 tuis
690 4061 882 4131 aggeribusque
901 4060 1025 4128 expleas,
1051 4069 1215 4116 tamencum

116 4129 279 4195 Necessitas,
298 4132 398 4195 Fatum,
419 4133 461 4182 cui
481 4148 571 4184 omnes
590 4140 650 4184 suut
667 4132 787 4197 subiecti,
807 4134 834 4184 in
854 4132 990 4184 altumiam
1003 4135 1139 4186 exstructis
1155 4150 1215 4187 mo·

117 4199 189 4253 libne
207 4202 297 4254 clauos
315 4219 377 4255 snos
396 4202 482 4272 infigit
498 4202 599 4272 tibique
606 4204 656 4271 ipsi
671 4203 748 4255 linem
766 4204 863 4255 instare
877 4202 979 4267 clamat,
996 4201 1090 4255 frustra
1101 4204 1175 4256 divas
1185 4221 1214 4258 es

116 4287 207 4412 lm
226 4273 981 4414 ‘culintunlu‘tllllflilltlttzltl
995 4272 1214 4413 litterile

196 4381 204 4394 ‘
493 4384 502 4410 a
685 4382 693 4405 a

115 4415 206 4481 nisse,
226 4430 283 4468 cum
300 4414 428 4468 aediliciis
448 4418 526 4468 etiarn
543 4425 570 4468 te
589 4416 730 4468 fracturum
750 4423 778 4467 et
794 4418 943 4484 gavisurum
962 4424 1059 4482 putas,
1090 4431 1123 4467 en
1141 4416 1215 4469 adest
1306 4480 1309 4485 ,
1363 4484 1368 4497 Ι

118 4483 191 4539 lora
212 4495 353 4541 extremam
370 4487 446 4556 quasi
462 4502 566 4541 manum
584 4488 659 4555 operi
678 4485 830 4540 admovens.
866 4487 906 4539 lle
924 4486 1050 4556 producta
1068 4478 1213 4555 posteriore
