3117 5042
355 425 419 486 m
743 402 1067 487 sltrtttAttbtt‘

437 603 576 680 Ponere,
598 606 690 681 teque
709 598 809 682 ipsura
818 596 913 660 ‘vitas
931 595 1085 679 fugitivus
1107 599 1140 656 et
1160 611 1250 689 erro,

436 713 505 775 lani
525 711 598 773 vinu
619 725 792 791 quaerens,
813 707 874 771 nn
896 724 1003 771 somna
1025 704 1140 775 fallere
1158 720 1283 779 curam3
1314 720 1341 783 A·

378 836 422 884 sis
442 820 590 883 Frustra:
611 832 681 881 narn
698 832 800 882 eomes
819 823 893 880 ttra
915 815 1027 898 premit
1046 800 1246 897 sequiturque
1265 813 1404 895 fugarem.

436 904 524 992 Unde
544 904 616 990 mibi
637 922 796 1008 lapidem?
814 926 969 1001 Quorsum
985 928 1039 985 'est
1059 923 1159 1004 opust
1179 919 1269 983 Unde
1289 919 1430 1001 angiam?
1514 982 1515 985 ,

437 1035 500 1123 Aut
520 1034 641 1099 insanit
653 1033 743 1098 bomo
763 1040 819 1096 sut
839 1032 955 1096 verius*
970 1031 1055 1096 facit
1098 1008 1192 1093 Ocius
1211 1028 1287 1092 bine
1305 1034 1335 1093 te

436 1145 476 1209 Ni
497 1143 605 1226 rapis,
625 1141 872 1223 accedesopera
891 1159 972 1223 agro
992 1158 1074 1204 nona
1093 1137 1221 1205 Sabino.
1242 1158 1250 1167 ⁴

806 1361 995 1370 m.-

765 1566 934 1653 sanra
963 1564 1049 1638 vrri.
1128 1596 1173 1617 ·=
1211 1612 1217 1625 .
1303 1530 1310 1537 ’

445 1730 486 1794 llt
506 1682 665 1793 Nasidieni
685 1727 764 1792 iuvit
788 1737 819 1791 te
842 1738 939 1791 coena
960 1726 1069 1803 bestii
1123 1686 1135 1767 ι’

443 1840 522 1902 Nam
547 1836 620 1901 mibi
640 1835 800 1920 quaerenti
821 1835 984 1925 convivam
1006 1835 1106 1923 dictus
1129 1829 1204 1899 beie
1225 1836 1291 1933 illic

361 2017 410 2073 0ei
428 2018 492 2072 oder
510 2017 618 2069 Wasser
637 2016 842 2087 sammelteund
860 2017 913 2069 wie
931 2017 961 2073 iu
976 2017 1049 2068 einer
1066 2016 1151 2069 Rinne
1163 2015 1359 2080 berabliei.¹¹-
1379 2020 1437 2085 erre]

363 2088 466 2157 Ulpian.
484 2088 543 2157 θὶς.
562 2089 630 2154 xxi,
656 2092 680 2154 1,
701 2089 752 2140 lis
769 2088 914 2154 „Erronern
927 2090 966 2140 sic
979 2086 1125 2153 delinimus,
1141 2090 1185 2157 qui
1205 2103 1259 2140 nou
1277 2088 1375 2158 quiden
1384 2088 1439 2154 lngit

364 2161 411 2214 sed
429 2161 579 2229 frequenter
605 2161 664 2211 sine
690 2175 768 2210 causa
784 2168 901 2227 uagatur
921 2168 948 2210 et
975 2159 1132 2226 temporibus
1156 2161 1183 2210 in
1212 2158 1291 2211 rebus
1315 2160 1439 2227 nugatoriis

363 2233 524 2299 consumptis
543 2231 626 2282 serius
643 2229 934 2284 addominumredite
945 2261 979 2271 -
996 2231 1065 2281 ands
1083 2230 1148 2281 nsild
1165 2230 1289 2300 lapidem
1311 2230 1347 2282 De
1365 2232 1436 2296 irnpe-

364 2304 454 2355 dentia
472 2301 542 2355 serui
562 2303 641 2353 iratus
660 2301 778 2357 dominus
810 2299 923 2367 lapidem
944 2303 1045 2369 quaerit
1063 2316 1115 2368 qun
1133 2300 1228 2353 malum
1245 2301 1373 2359 bominem
1389 2308 1439 2366 per·

365 2376 453 2426 eutiut.
503 2374 546 2425 Sic
564 2381 649 2425 autern
670 2374 746 2424 irasci
770 2380 797 2423 et
814 2370 901 2424 iurene
921 2371 1032 2422 bominis
1052 2381 1092 2423 cst
1110 2375 1154 2440 qui
1172 2389 1248 2443 raras
1267 2373 1440 2423 criminationes

364 2446 441 2496 iustis
456 2446 546 2496 causis
566 2459 618 2496 uon
637 2445 720 2510 possit
737 2443 845 2495 diluere.
893 2443 980 2507 Quare
1010 2442 1098 2510 lepide
1117 2444 1236 2495 Horatius
1265 2443 1441 2507 contumeliosis

366 2518 436 2569 servi
458 2515 680 2583 obiurgationibus
700 2516 773 2583 quasi
785 2514 872 2570 cedit.
922 2513 1020 2581 Lepide
1043 2516 1120 2569 etiarn
1137 2515 1225 2566 Davus
1245 2514 1338 2566 calidis
1361 2513 1441 2565 donini

368 2581 795 2654 exclamationibus'frigidissime
814 2583 969 2651 respoudet;
999 2585 1118 2636 dominns
1147 2585 1255 2649 calidior
1283 2588 1358 2637 etiarn
1374 2587 1441 2636 iactus

368 2660 478 2725 sagittas
496 2661 613 2725 quaerit,
636 2656 731 2708 deinde
753 2659 887 2723 impotens
907 2670 994 2725 neque
1016 2655 1067 2707 sibi
1098 2657 1235 2709 consulere
1263 2660 1349 2709 sciens
1371 2656 1442 2708 mole-

366 2737 433 2781 stain
453 2744 556 2780 servum
574 2728 710 2779 dirissimis
728 2726 804 2779 minis
823 2727 906 2794 pellit.
938 2758 973 2771 -
1007 2745 1095 2780 versus
1116 2730 1191 2800 sucu]
1219 2727 1317 2780 Poetae
1334 2729 1376 2796 qui
1392 2740 1443 2777 rere

368 2807 429 2852 sunt
446 2798 534 2851 divino
552 2798 664 2867 quodam
684 2798 772 2851 lurore
792 2800 981 2865 corripiuntur,
1009 2814 1067 2849 cunr
1088 2813 1180 2851 versus
1199 2799 1306 2850 iaciunt.
1351 2797 1401 2862 Qus
1421 2811 1443 2846 re

366 2870 456 2923 Davus
473 2869 587 2938 maligne
603 2872 638 2922 ita
657 2872 756 2934 utitur,
784 2878 813 2919 ut
837 2869 967 2921 dominnm
984 2879 1089 2936 poetam
1113 2884 1182 2922 nunc
1207 2870 1295 2922 lurore
1318 2876 1443 2936 correptura

368 2941 463 2993 mentis
480 2950 626 3009 compotem
645 2956 704 2992 esse
724 2949 769 2992 aut
789 2939 851 3008 quid
872 2939 941 2991 dicat
961 2942 1029 2991 scire
1045 2950 1134 3007 neget.
1147 2972 1180 2982 -
1194 2959 1276 3011 opera
1294 2940 1443 3007 nanu10cto

368 3011 450 3079 igitur
466 3014 517 3064 iam
535 3014 604 3064 servi
622 3012 727 3064 luerunt
748 3012 857 3063 Horatio
871 3012 898 3062 in
922 3011 1026 3068 Sabino.
1048 3012 1174 3063 'Viliores
1195 3022 1272 3067 erant
1286 3015 1354 3067 sessi
1371 3009 1443 3061 mstiei

371 3090 398 3132 et
420 3097 500 3150 opera
519 3084 572 3134 ruri
591 3084 708 3145 duriora;
735 3097 816 3151 quare
836 3083 880 3150 qui
902 3098 934 3133 er
953 3081 1051 3135 urbana
1068 3082 1166 3135 familia
1184 3087 1290 3151 gramm
1312 3081 1371 3152 quid
1386 3079 1441 3132 deii·

371 3154 472 3221 quisset
490 3155 603 3205 rnsticae
621 3153 737 3205 familiae
754 3152 921 3208 addebantur.
1239 3180 1242 3193 1

810 3280 936 3333 suern
964 3248 1055 3333 vrri(

444 3381 535 3453 *Quod
563 3397 667 3449 semper
685 3381 741 3441 lieri
761 3381 830 3435 solet
847 3400 905 3437 cum
922 3399 1008 3436 rerum
1027 3380 1189 3455 publicarum
1209 3393 1290 3437 statne
1312 3390 1338 3437 et
1359 3382 1443 3435 ordines

373 3452 496 3505 violentis
514 3452 642 3506 bellorum
659 3455 771 3508 motibus
791 3454 933 3520 turbantur,
954 3464 982 3507 ut
1000 3457 1135 3508 existima
1156 3458 1232 3507 etiam
1253 3456 1331 3524 plebe
1347 3456 1444 3510 honines

336 3532 341 3542 '
374 3540 438 3591 casu
456 3524 500 3577 vel
517 3525 638 3578 fortunae
657 3524 769 3579 ludibrio
791 3535 925 3595 emergant
942 3527 1105 3596 corrasisqne
1125 3528 1225 3595 magnis
1240 3520 1443 3581 divitiissamsibl

372 3595 515 3649 concilient
541 3599 720 3655 auctoritatem
745 3613 822 3667 quam
851 3599 1014 3651 coniunctam
1040 3614 1144 3665 semper
1167 3601 1263 3663 scimus
1282 3616 1339 3651 cunr
1356 3596 1443 3653 divitiis,

373 3666 401 3717 id
420 3668 518 3720 Rornae
536 3677 563 3720 et
581 3669 679 3721 Horatii
694 3678 779 3721 aetate
795 3685 876 3737 saepe
894 3669 990 3720 iactum
1009 3684 1068 3721 esse
1088 3669 1200 3721 taedium
1220 3679 1384 3739 testaturque
1396 3664 1443 3717 buri

374 3754 455 3807 saepe
474 3741 546 3791 eires
568 3741 630 3791 moti
651 3739 684 3791 de
703 3744 851 3808 arrogantia
869 3750 895 3792 et
912 3740 1051 3793 insolentia
1072 3739 1179 3792 divitum
1190 3740 1373 3803 libertinorum,
1390 3738 1444 3788 11ἰο-

373 3825 431 3861 rum
451 3810 478 3862 id
496 3826 580 3878 genus
599 3812 730 3863 hominum
752 3812 985 3880 cbnquerebantur.
1034 3812 1134 3879 Nempe
1163 3811 1289 3879 „fortuna
1315 3829 1364 3865 non
1381 3812 1443 3861 nant

373 3891 473 3947 genum
495 3880 592 3950 (Epod.
610 3881 637 3947 4,
651 3883 690 3951 fi).
726 3882 813 3935 Talem
832 3883 878 3934 tibi
896 3885 982 3951 cogita
991 3882 1060 3937 hunc
1072 3883 1249 3947 Nasidienum,
1269 3888 1341 3937 cuius
1358 3891 1444 3933 coenan

373 3953 402 4003 in
424 3951 474 4003 hac
493 3955 573 4005 satira
601 3953 722 4006 Horatius
741 3953 891 4020 Fundanio,
918 3956 1018 4007 cenrico
1037 3964 1131 4023 poeta,
1157 3956 1300 4023 interprete
1322 3950 1444 4018 descripsit

373 4021 400 4074 ls
421 4025 490 4075 enim
509 4040 573 4077 casu
591 4026 674 4093 magis
695 4041 772 4093 quam
789 4028 888 4077 meritis
907 4025 980 4078 diues
999 4026 1082 4077 iactus
1101 4042 1159 4077 cum
1185 4028 1298 4092 pecunia
1317 4028 1395 4079 omnia
1407 4034 1444 4087 pt·

371 4094 439 4158 rari,
466 4110 549 4161 genus
575 4104 601 4147 et
620 4097 728 4169 ferinam
746 4096 983 4149 donari-crederet
1011 4097 1106 4167 (Epist.
1127 4095 1192 4161 1,6,
1211 4097 1331 4166 dbsq.),
1354 4100 1378 4148 in
1395 4106 1444 4143 cot·

373 4164 512 4218 suetudine
530 4166 655 4217 nobilium
681 4176 707 4218 et
730 4167 864 4219 doctorum
883 4168 1013 4220 bominum
1033 4168 1108 4219 allam
1129 4169 1235 4235 insuper
1253 4168 1376 4237 gloriandi
1396 4177 1445 4213 ‹²¹1-

374 4250 428 4286 sam
447 4237 611 4303 qiraesivisse
630 4237 741 4292 videtur.
780 4239 866 4302 Quare
886 4241 1067 4292 Maecenatem
1083 4240 1222 4308 clarosque
1243 4249 1342 4307 poetas,
1363 4236 1445 4291 tamn

373 4313 401 4356 et
419 4305 581 4359 Fundanium
601 4309 668 4377 (Sat.
687 4310 707 4373 l,
724 4310 765 4375 10,
785 4310 834 4379 42)
861 4312 911 4362 iam
937 4314 1042 4377 saepius
1067 4312 1178 4375 fortasse
1196 4312 1228 4363 ad
1248 4329 1277 4363 se
1296 4310 1446 4364 innarenn

373 4377 420 4427 sed
440 4393 497 4429 cum
517 4376 581 4428 illud
602 4380 670 4447 qirod
691 4381 812 4433 ardenter
831 4391 938 4449 cuperet
956 4383 1057 4433 tandem
1078 4380 1147 4435 essct
1161 4392 1306 4450 assecutus,
1324 4399 1377 4435 cum
1389 4379 1446 4433 Μίθ-

376 4461 454 4497 cenas
474 4451 627 4515 importunis
647 4453 702 4501 eius
724 4453 844 4519 precibus
863 4454 957 4507 cedere
976 4454 1077 4506 tandem
1098 4458 1203 4507 coactus
1223 4465 1310 4521 esset,
1337 4457 1448 4521 ingentes

377 4520 496 4570 convivis
514 4519 614 4573 ridendi
632 4525 733 4590 copiam
751 4525 926 4592 praebuerunt
945 4528 1002 4581 eius
1019 4537 1137 4595 agrestes
1147 4542 1241 4593 mores,
1260 4543 1326 4580 rana
1338 4528 1362 4579 in
1375 4531 1448 4577 esur·
