3117 5042
388 370 869 459 attractentur.

383 575 531 639 itostrats
553 576 624 639 duci
642 578 778 658 perdere

300 681 421 746 Contra
442 684 582 745 tatrones
605 692 698 767 atque
719 685 863 749 serviis·
884 702 1006 753 manuni

243 806 275 850 so
378 789 458 869 iiec,
479 791 539 857 hoc
560 792 684 857 tribuno
703 793 856 861 militumi

543 979 647 990 ὀυ’-
657 979 770 989 —ue—u-

399 1144 406 1149 “
511 1125 704 1201 Carmen
741 1130 782 1202 V.

295 1291 338 1354 at
359 1311 379 1354 o
402 1292 528 1355 deorum
548 1291 691 1374 quidquid
714 1293 747 1355 in
767 1293 855 1356 cocio
877 1284 961 1378 regit

382 1400 501 1463 Terras
523 1407 554 1462 et
576 1400 737 1465 humanum
761 1420 875 1482 genus,

102 1614 181 1659 tarum
199 1610 281 1661 oratio
304 1619 416 1662 maest
439 1609 584 1662 coercenda
611 1608 711 1679 vulgari
737 1611 840 1663 dicendi
865 1612 965 1663 ratione
980 1620 1027 1664 aut
1042 1622 1189 1667 nostorum

104 1678 241 1733 ierieomrn
260 1683 337 1748 copia
354 1690 382 1732 et
399 1680 511 1752 iegibus.

547 1784 693 1838 Carmen
719 1786 751 1836 V.

168 1886 329 1940 Describitur
344 1889 371 1939 in
388 1886 438 1940 hcc
457 1892 580 1955 carmine,
599 1889 669 1958 quod
688 1897 768 1940 tetum
788 1887 957 1941 dramaticum
972 1897 1021 1955 est,
1038 1888 1192 1957 piriitrornn

101 1958 255 2024 magicorum
276 1959 398 2012 terribilis
416 1969 563 2028 apparatus.
607 1961 665 2025 Quo
686 1959 797 2011 consitio
822 1961 849 2011 iu
872 1960 970 2012 medius
990 1976 1034 2013 res
1052 1969 1131 2028 poeta
1149 1959 1191 2012 ie-

101 2037 189 2095 gentes
207 2029 280 2080 ducit
295 2039 448 2099 raptumque
467 2047 594 2099 puerum,
612 2033 686 2083 cuius
707 2030 838 2083 intestinis
859 2046 939 2099 sagae
956 2033 993 2082 uti
1011 2030 1121 2095 volunt,
1139 2033 1191 2083 rui·

101 2107 194 2152 rentem
212 2108 238 2153 et
257 2110 428 2168 querentem,
458 2102 528 2170 quod
553 2102 638 2163 subita
664 2103 691 2152 vi
718 2104 882 2154 vestimentis
901 2103 1029 2169 privatum
1047 2118 1076 2154 sc
1094 2101 1192 2168 videat,

99 2169 203 2222 inducit.
240 2173 293 2223 ianr
312 2171 439 2224 indicatur
458 2190 509 2242 quo
526 2183 619 2224 ornatu
637 2173 760 2225 mulieres
779 2172 842 2240 quid
861 2181 959 2241 agant3
985 2172 1093 2225 Canidia
1110 2174 1189 2241 vipe-

100 2242 133 2291 ris
151 2243 177 2292 in
195 2242 319 2311 capillum
344 2243 448 2294 insertis
475 2246 608 2311 componit
625 2243 742 2311 singuiis
764 2253 850 2311 partes
870 2243 976 2311 philtris
1008 2243 1145 2310 caprificos
1164 2252 1192 2295 et

101 2327 237 2377 cupressus
255 2313 389 2377 funebres,
409 2329 461 2365 eva
479 2324 505 2367 et
526 2315 628 2382 pinnas
646 2317 734 2382 strigis
753 2328 835 2367 ranae
854 2315 982 2382 sangnine
998 2314 1109 2379 infecta,
1126 2314 1190 2366 her-

99 2381 141 2432 bas
158 2386 273 2451 magicas
293 2400 325 2435 ex
344 2384 475 2437 Thessalia
489 2393 516 2436 et
527 2385 632 2436 Hiberia
643 2386 778 2449 collectas,
799 2401 860 2439 ossa
879 2386 1003 2438 esurienti
1024 2386 1081 2436 cani
1100 2394 1190 2453 erepta

99 2453 204 2522 eiusque
222 2457 296 2507 sanie
314 2470 471 2522 conspersa,
500 2456 595 2523 quihus
621 2457 738 2507 omnibns
761 2465 853 2522 postea
878 2455 1003 2506 addantur
1029 2454 1143 2507 medulla
1163 2464 1191 2507 et

99 2524 168 2646 it:
185 2525 1187 2666 {ditioniiinitiatattttttttiittttiit‘

232 2635 238 2647 ·
306 2634 312 2646 ·
399 2634 406 2648 ·
524 2635 532 2659 s
626 2639 634 2661 s
717 2634 725 2660 t
1173 2627 1189 2640 “

98 2666 197 2717 iinatur
216 2668 295 2719 miser
312 2666 358 2719 ilie
375 2637 456 2735 puer'3
475 2678 581 2736 quarta,
600 2667 673 2720 Folia
691 2667 847 2720 carminibus
865 2666 977 2719 devocat
995 2666 1081 2719 sidera
1101 2677 1128 2719 et
1144 2666 1189 2720 lu-

98 2751 159 2788 nan.
199 2737 269 2790 luter
287 2754 351 2806 quas
371 2741 511 2806 praecipua
532 2749 574 2792 est
591 2738 706 2804 Canidia,
725 2747 925 2806 propterquam
944 2740 1030 2790 carnia
1051 2747 1190 2805 parantur3

98 2821 127 2857 ea
142 2809 212 2859 euim
233 2809 328 2861 Varum
348 2811 398 2861 iam
419 2825 518 2873 senem,
538 2825 553 2861 a
572 2826 624 2878 quo
643 2808 704 2861 oiim
724 2818 807 2860 amata
827 2816 880 2862 tum
899 2809 989 2861 relicta
1008 2817 1069 2874 est,
1088 2812 1190 2876 magica

99 2879 170 2930 viad
192 2894 222 2930 se
241 2880 369 2932 reducere
389 2889 476 2932 tentat.
523 2880 596 2943 Quae
624 2881 743 2931 dicuntur
771 2882 798 2930 in
825 2878 875 2930 hoc
900 2881 1015 2931 carmine
1039 2894 1055 2931 a
1081 2879 1190 2933 Canidia

99 2953 132 3013 (s.
149 2948 216 3018 49),
234 2965 251 3001 a
268 2950 355 3003 multis
372 2951 440 3003 maie
457 2950 591 3003 intellecta
610 2959 686 3014 sunt3
711 2953 768 3018 ipsa
786 2951 857 3002 enim
873 2965 931 3002 curu
952 2949 1003 3001 hoc
1023 2950 1078 3017 agit
1097 2965 1188 3002 senens

99 3017 165 3072 itinn
187 3036 275 3089 neque
296 3022 368 3073 videt
385 3039 471 3091 neque
487 3021 567 3087 endis,
587 3039 645 3073 narn
667 3035 838 3091 qrnecunque
854 3020 881 3071 id
893 3021 1008 3073 indicare
1025 3020 1189 3073 videaturad

98 3089 207 3143 furorem
226 3100 254 3142 et
270 3093 402 3147 ardentem
421 3092 587 3161 cupiditatem
607 3091 723 3143 mulieris
743 3091 882 3143 referenda
897 3099 967 3144 sunt
1004 3090 1126 3160 ,Adeste
1143 3093 1188 3143 in-

99 3164 167 3227 quit,
189 3171 317 3214 nocturna
334 3166 459 3227 numina,
478 3165 541 3217 mihi
559 3164 674 3229 auxilio,
692 3163 848 3231 adversariis
869 3164 934 3216 meis
954 3164 1066 3225 terrori3
1093 3150 1188 3216 Varum

98 3235 160 3284 enim
180 3248 294 3300 cogam,
312 3242 341 3286 ut
360 3234 460 3286 ardenti
479 3249 566 3285 amore
586 3234 678 3285 adme
697 3235 810 3302 agitatus
828 3241 955 3286 nocturno
974 3240 1091 3301 tempore
1108 3242 1187 3286 uncto

98 3303 190 3370 capitio
211 3312 239 3356 et
256 3304 368 3356 delicato
396 3314 488 3356 umato
513 3305 615 3355 domum
639 3304 787 3373 relinquat,
817 3318 896 3356 canes
917 3320 951 3356 ex
968 3319 1059 3357 somno
1081 3309 1187 3368 excitet,

96 3375 194 3425 ricinos
215 3391 249 3425 ex
274 3374 350 3426 domo
378 3375 466 3426 eiiciat
491 3375 523 3425 ab
542 3376 712 3443 omnibusque
736 3374 892 3429 derideatur,
943 3375 986 3427 Sic
1010 3392 1052 3426 ure
1076 3374 1188 3428 ulciscar

96 3452 130 3512 (v.
148 3445 225 3511 60).“
262 3445 312 3508 Qui
333 3448 505 3513 insequuntur
522 3460 613 3496 versus
631 3456 724 3497 causas
742 3443 890 3508 ostendunt,
909 3445 1003 3511 quibus
1023 3444 1130 3497 Canidia
1149 3447 1188 3498 ira

96 3529 123 3565 ac
140 3517 232 3567 furere
258 3517 370 3567 excitata
396 3526 425 3568 ut
453 3518 597 3568 certissimo
620 3524 646 3565 et
664 3524 780 3566 extremo
801 3516 862 3565 artis
889 3529 953 3566 suae
979 3529 1077 3581 genere
1100 3524 1191 3568 untur

95 3595 208 3651 pernota
228 3601 288 3638 esse
308 3587 408 3639 dicitur.
446 3587 509 3638 Nam
529 3586 614 3655 „quid
633 3584 734 3646 clamat,
753 3583 931 3635 factumest?
968 3583 1020 3635 Cur
1030 3584 1123 3637 solitae
1140 3600 1186 3637 ar-

94 3664 129 3707 tes
146 3655 214 3709 nihil
234 3657 413 3709 adiuverunt?
449 3657 538 3709 Nuiias
558 3665 643 3708 tamen
665 3670 751 3723 neque
771 3654 865 3706 herbas
882 3664 969 3722 neque
988 3653 1089 3706 radices
1107 3658 1186 3708 inen-

94 3737 177 3792 pertas
195 3728 302 3796 reliqui,
321 3729 398 3779 immo
416 3730 494 3779 etiam
514 3726 637 3778 lectulum
658 3728 714 3777 eius
735 3725 875 3791 unguentis
887 3723 969 3786 illevi,
989 3739 1058 3792 quae
1077 3725 1185 3779 aliarum

94 3811 204 3853 amorem
221 3814 326 3851 omnem
344 3814 377 3849 ex
395 3800 451 3850 eius
473 3799 558 3850 animo
576 3798 666 3848 delere
685 3794 847 3848 dehebant.“
894 3794 993 3858 Quibus
1019 3796 1106 3848 verbis
1131 3806 1185 3850 tun

94 3883 146 3921 erim
166 3869 312 3921 acerbitate
333 3878 360 3921 et
376 3871 415 3920 ira
432 3869 521 3920 ridens
539 3868 605 3920 haec
621 3867 707 3919 addit:
726 3868 776 3929 ,At
794 3864 919 3923 reroelia
941 3874 969 3916 et
981 3869 1110 3931 potentior
1123 3883 1187 3936 sapa

93 3954 131 3990 ne
153 3955 297 4007 superasse
323 3941 443 4001 ridetur3
473 3940 520 3992 sed
543 3940 657 3991 nendum
678 3936 779 3990 ostendi
798 3935 860 4004 quid
881 3950 931 4003 ego
954 3935 1090 3989 ualeam.⁴¹
1131 3939 1185 3991 laur

93 4024 146 4062 cun
166 4013 193 4062 in
211 4026 245 4065 ee
263 4014 318 4074 sit,
341 4020 370 4062 ut
389 4027 498 4079 puerum
514 4013 540 4061 in
560 4010 656 4063 iosmm
676 4010 775 4061 iniiciat
792 4015 913 4074 terraque
930 4022 1014 4074 usque
1035 4007 1067 4058 ad
1090 4022 1120 4060 os
1143 4017 1186 4061 te-

93 4090 150 4147 gat,
182 4083 263 4133 miser
288 4081 335 4133 iile
359 4084 385 4132 in
404 4082 547 4133 dirissimas
563 4082 758 4133 exsecrationes
775 4079 888 4144 erumpit
947 4076 1046 4141 Quibus
1064 4078 1185 4132 Horatius

92 4152 580 4291 tffittssttrtiaitt
600 4156 1188 4289 ,ttivitttitut0ttrttitt0t'f

94 4296 204 4347 nauium
225 4293 367 4345 nuiieram
384 4294 555 4345 vehementer
574 4300 707 4360 carperet,
725 4293 789 4345 satis
808 4290 948 4342 adscisset.
983 4290 1048 4342 Sunt
1066 4292 1187 4344 carminis

90 4373 210 4429 ememor
228 4372 336 4432 partes:
360 4367 389 4432 1)
407 4368 482 4431 pueri
498 4366 641 4419 sternentis
661 4364 722 4433 quid
741 4361 790 4415 sibi
807 4368 941 4428 pararetur
959 4359 1076 4428 quercia,
1095 4375 1122 4415 r.
1136 4364 1188 4413 1-

94 4434 138 4498 1ος
155 4439 186 4503 2)
208 4443 351 4504 apparatas
369 4437 483 4487 omrrium
505 4436 747 4504 rerumquaesagis
760 4440 821 4484 sunt
836 4431 1012 4495 necessariae,
1030 4446 1055 4484 v.
1066 4430 1187 4492 ii-te;

91 4504 119 4573 3)
139 4522 233 4573 preces
255 4515 284 4559 et
301 4506 441 4557 consitium
453 4504 587 4573 Canidiae,
605 4522 632 4559 v.
649 4505 771 4568 47-82;
789 4502 821 4573 t)
839 4502 985 4555 exsecratio
1002 4504 1093 4571 pueri,
1111 4517 1137 4554 s.
1149 4502 1187 4557 83

132 4604 237 4649 Horatius
251 4605 288 4650 ed
304 4604 457 4663 Diilenburper
944 4607 990 4677 18
