3117 5042
367 429 429 490 tue
476 446 481 455 ’
707 408 1112 486 setsTohAnunt

397 622 426 665 co
447 601 578 678 (iretis,
601 603 701 683 ime,
723 600 871 664 velando
892 601 1054 683 confinget
1076 599 1198 664 chundo

447 712 488 775 sc
511 710 640 774 mundus
662 710 761 772 victus
783 729 843 771 non
865 710 1025 773 deficiente
1047 710 1220 770 crumenat
1272 731 1281 739 ¹

446 823 530 883 luter
549 834 632 900 spem
655 810 834 899 eurumque,
854 818 980 880 timores
1001 814 1135 879 interiet
1156 816 1221 878 ires

445 929 571 990 Omnem
593 925 684 989 crede
705 918 792 989 diens
806 923 863 987 tihi
884 924 1034 987 diluxisse
1053 940 1242 1005 supremum:

443 1034 545 1099 (irate
570 1034 766 1116 superveniet
788 1051 868 1116 quse
889 1020 950 1095 non
971 1033 1146 1114 sperabitur
1167 1022 1255 1092 hors

394 1163 422 1206 rs
444 1144 494 1206 hle
515 1145 660 1225 pinguem
680 1151 711 1204 et
733 1141 860 1205 nitidum
883 1141 960 1203 hene
982 1148 1091 1203 curate
1111 1146 1180 1201 cute
1202 1137 1295 1211 vises,

443 1251 518 1315 Curn
541 1251 643 1313 ridere
666 1251 756 1313 voles
776 1247 901 1335 Epicuri
922 1249 962 1310 de
983 1265 1082 1331 grege
1102 1254 1237 1328 porcum.
1346 1318 1370 1363 V

769 1468 1017 1485 Ἣ

759 1643 981 1740 Epistola
1014 1646 1055 1715 V.

442 1808 478 1871 Si
495 1812 583 1889 potes
603 1804 764 1869 Archiacis
786 1807 918 1869 conviva
939 1807 1117 1869 recumbere
1138 1804 1227 1868 lectis

439 1918 503 1978 Nec
523 1914 643 1977 modies
664 1932 796 1977 euenere
817 1915 905 1977 times
925 1917 993 1977 olus
1015 1934 1106 1977 omne
1129 1915 1257 1996 petella,
1346 2004 1350 2011 ¹
1374 1930 1379 1937 ·

357 2114 461 2166 iubetur
488 2143 522 2154 -
542 2112 643 2182 pratia]
663 2113 731 2180 apud
750 2127 858 2180 magnos
879 2113 958 2177 viros,
976 2113 1100 2180 imprimis
1118 2109 1287 2164 llessullnnu.v
1303 2141 1337 2152 -
1364 2111 1438 2176 sm]

359 2185 433 2241 Ouid.
455 2187 512 2236 Am.
532 2184 552 2247 Ι,
573 2185 614 2249 15,
631 2184 696 2236 Ὧι·
718 2183 833 2251 „Donec
855 2192 929 2249 erunt
958 2186 1033 2252 ignes
1060 2199 1187 2251 arcusque
1210 2180 1346 2248 Cupidinis
1370 2195 1440 2240 eruce,

359 2256 497 2310 Discentur
516 2256 626 2319 numeri,
643 2255 713 2305 culte
733 2254 844 2317 Tibulle,
867 2257 927 2306 tui.“
946 2287 980 2297 -
998 2256 1107 2306 muudus
1124 2252 1216 2325 nictus]
1237 2254 1291 2305 Sat.
1311 2252 1345 2315 ll,
1364 2248 1439 2315 λῶ

358 2328 440 2395 Epist.
459 2325 493 2388 ll,
511 2326 536 2391 2,
558 2325 616 2379 199.
649 2324 733 2377 Curru.
751 2324 798 2389 ΙΙΙ,
818 2326 862 2391 29,
884 2329 924 2377 ΙΙ.
945 2360 980 2369 -
999 2332 1134 2394 εηιαιαια]
1153 2320 1279 2378 Similiter
1296 2323 1386 2374 leuen.
1403 2320 1441 2381 ΙΙΙ,

357 2399 410 2452 38:
432 2398 511 2465 „Quis
533 2399 602 2448 enim
621 2403 648 2447 te
661 2396 804 2447 deficiente
822 2412 946 2448 crumena
962 2396 994 2448 Et
1008 2404 1143 2448 crescente
1153 2395 1215 2462 gula
1225 2404 1312 2446 menet
1331 2390 1440 2445 exitus?l

357 2502 388 2512 -
410 2471 522 2538 timores]
546 2468 640 2535 „Poeta
658 2466 839 2534 tranquilliore
855 2466 958 2535 dicendi
976 2483 1074 2535 genere
1093 2484 1155 2518 usus
1173 2467 1206 2517 de
1226 2468 1352 2517 universo
1365 2479 1441 2531 remu

357 2541 523 2592 humanorum
552 2546 619 2591 stetu
640 2538 742 2589 locutus
770 2547 811 2590 est
837 2548 863 2590 et
891 2539 940 2590 hec
962 2537 995 2590 de
1015 2554 1092 2590 cause
1111 2537 1238 2605 pluralem
1259 2536 1358 2604 elegit,
1386 2534 1440 2585 licet

357 2611 496 2678 singularis
514 2611 540 2660 in
562 2609 652 2661 eedem
671 2625 699 2661 re
717 2611 913 2676 praecesseritu
934 2609 1022 2664 lacni.
1040 2610 1074 2661 de
1091 2626 1140 2661 usu
1160 2625 1230 2660 nuru.
1250 2608 1317 2675 plur.
1328 2624 1345 2728 p
1366 2609 1440 2657 11.-

356 2682 489 2751 diluaeisse]
510 2681 674 2747 significetur
691 2680 741 2731 hoc
757 2681 839 2737 verbu
857 2683 962 2748 proprie
981 2680 1006 2731 id
1025 2689 1142 2748 tempus,
1162 2696 1220 2731 curn
1241 2688 1295 2730 tum
1314 2694 1384 2729 cars
1402 2675 1439 2725 lux

356 2761 397 2804 est
414 2761 442 2803 ut
460 2768 501 2802 res
517 2752 635 2820 dignosci
655 2753 763 2818 possint.
793 2750 847 2802 Cic.
867 2752 931 2804 Phil.
949 2752 1005 2815 ΙΙΙΙ,
1018 2753 1043 2815 2,
1058 2752 1092 2803 5:
1112 2750 1252 2817 „Discussa
1271 2759 1313 2801 est
1334 2748 1379 2799 ills
1398 2762 1438 2797 cr·

355 2823 419 2891 ligo,
437 2822 538 2887 diluxit,
559 2827 638 2890 petet,
657 2822 774 2874 videmus
793 2824 903 2874 omnia.“
921 2821 956 2877 id,
976 2822 1051 2873 caut.
1074 2820 1119 2885 ΙΙΙ,
1137 2822 1163 2874 34
1191 2823 1253 2873 Lim
1266 2820 1381 2883 xxxvr,
1399 2818 1438 2869 ΙΙ.

357 2925 387 2937 -
419 2903 511 2945 curata
532 2893 598 2965 cute]
618 2894 700 2960 Epist.
719 2893 740 2956 l,
759 2891 785 2955 2,
806 2893 850 2945 29.
874 2924 909 2935 -
944 2895 1064 2962 situum]
1084 2891 1144 2943 vide
1162 2893 1194 2961 qd
1212 2894 1265 2945 Set.
1284 2892 1318 2957 ll,
1338 2894 1365 2955 2,
1388 2888 1438 2940 128.

354 2964 393 3016 lle
412 2964 499 3032 lepido
521 2964 647 3031 epistolae
666 2966 737 3015 exitu
757 2963 869 3015 vidend
888 2962 969 3030 Epist.
990 2963 1011 3028 l,
1035 2967 1057 3027 Ι,
1079 2964 1136 3015 106.
1173 2965 1295 3033 Ueterum
1312 2978 1348 3014 ne
1362 2962 1440 3012 oden·

338 3036 422 3087 ‘deris
439 3038 536 3087 maiore
555 3038 716 3103 antiquorum
734 3034 866 3086 hominum
886 3036 912 3085 in
934 3034 973 3085 his
991 3035 1069 3086 rehns
1093 3034 1228 3096 libertate,
1257 3048 1379 3101 compare
1397 3031 1438 3079 hos

355 3105 427 3157 locos
446 3105 580 3157 Ciceronis
599 3108 625 3155 in
648 3106 697 3156 Pis.
718 3106 767 3159 16:
787 3105 915 3173 „Epicure
932 3113 1030 3170 noster,
1049 3121 1081 3156 ex
1100 3105 1161 3155 hare
1179 3104 1323 3173 producte,
1340 3119 1394 3157 non
1410 3116 1439 3152 er

354 3176 469 3238 scholess
494 3176 555 3226 ibid.
574 3176 624 3228 30:
643 3175 726 3239 „Quid
745 3180 815 3227 nunc
834 3185 869 3240 te,
888 3177 970 3239 asine,
990 3177 1087 3227 litteras
1099 3175 1257 3227 'deneardi‘
1274 3176 1307 3226 sd
1327 3178 1380 3227 Ate
1400 3172 1439 3233 ΙΙ,

351 3249 385 3300 5:
404 3247 478 3311 „Soio
499 3261 541 3296 me
558 3248 657 3297 asinum
672 3261 822 3313 germanum
840 3247 947 3298 luisse.“
978 3249 1044 3298 V'ern
1063 3256 1149 3298 eutem
1167 3248 1272 3314 Epicuri
1292 3246 1380 3313 rideri
1397 3243 1441 3294 huit
1521 3286 1522 3289 ,

352 3314 490 3387 ἀταραξία
516 3325 543 3366 et
571 3317 678 3370 αἀονία
697 3325 725 3367 et
749 3320 849 3386 ὑγίεια
868 3312 1094 3390 τοὸ·σαὶματος;
1112 3332 1187 3386 quem
1213 3316 1345 3386 quomodo
1372 3314 1441 3383 praui

352 3388 469 3439 homiues
486 3386 663 3437 intellexerint
679 3384 752 3439 uides
771 3403 804 3439 ex
824 3387 951 3439 hocloco
970 3391 1087 3441 Senecae
1101 3383 1138 3453 ‘tle
1157 3390 1202 3440 vit.
1224 3388 1356 3439 best-12:
1374 3385 1440 3454 „h'or

351 3460 384 3510 eh
405 3458 516 3526 Epicuro
536 3457 639 3524 impulsi
658 3457 828 3523 luxurientur,
847 3458 894 3511 sed
912 3461 981 3511 uitiis
1000 3459 1079 3511 dediti
1094 3459 1225 3510 'luxuriam
1237 3460 1316 3510 'susm
1337 3461 1366 3509 in
1385 3457 1441 3525 phi·
1521 3498 1522 3501 ,

353 3531 488 3599 losophiee
506 3532 564 3581 sinu
582 3529 744 3582 abscondunt
762 3538 788 3581 et
806 3546 839 3581 eo
856 3540 1028 3594 concurrunt,
1059 3530 1102 3582 uhi
1121 3530 1229 3582 audiunt
1248 3530 1350 3582 laudari
1368 3527 1441 3579 rolu-

352 3610 457 3669 ptetem.
502 3601 726 3653 Nec-aestimatur
759 3598 879 3668 uoluptas
906 3600 952 3652 ille
973 3601 1094 3668 Epicuri,
1119 3603 1154 3653 ite
1181 3603 1250 3653 eninr
1280 3598 1441 3652 mehercules

353 3675 446 3734 sentio,
465 3687 522 3722 cum
541 3674 611 3723 sicce
629 3681 655 3723 et
673 3672 759 3724 soleris
784 3674 825 3734 sit,
845 3671 891 3723 sed
911 3672 943 3723 sd
958 3686 1057 3724 nomen·
1071 3674 1156 3739 ipsum
1175 3671 1299 3724 aduolant
1311 3684 1441 3741 quaerer-

351 3749 391 3795 tcs
414 3743 563 3794 lihidinibus
582 3744 636 3796 suls
655 3745 825 3810 patrocinium
843 3743 949 3811 aliquod
966 3759 997 3794 sc
1014 3742 1215 3795 uelamentum*

784 3830 954 3914 Epistols
978 3849 1008 3901 V.
1070 3839 1072 3842 ¹

420 3952 459 4003 De
473 3953 610 4020 Torquato,
628 3952 660 4003 sd
679 3967 755 4020 quem
774 3952 841 4003 haec
860 3960 901 4003 est
921 3952 1040 4020 epistola,
1059 3954 1119 4005 vide
1138 3954 1170 4005 nd
1188 3952 1272 4005 Germ.
1289 3952 1334 4015 lu,
1353 3954 1385 4013 73
1401 3957 1440 4000 st-

350 4037 402 4090 que
420 4023 511 4074 eodem
534 4037 615 4090 prope
634 4023 744 4075 consilio
765 4032 793 4073 et
812 4038 916 4076 carmen
934 4024 998 4076 illud
1016 4034 1042 4076 et
1069 4026 1136 4076 hanc
1158 4024 1296 4092 epistolam
1321 4026 1440 4090 scripum

350 4108 410 4144 esse
429 4104 507 4160 putet
545 4094 584 4146 lle
604 4109 672 4146 enno
691 4103 775 4146 eutem
796 4093 874 4145 neteli
895 4094 970 4147 huius
989 4097 1117 4163 epistolae
1134 4111 1186 4147 non
1209 4097 1379 4146 consentiunt
1397 4092 1441 4143 siri

349 4164 434 4225 docti3
463 4166 581 4215 nimirum
599 4175 696 4217 certum
716 4167 839 4231 temporis
858 4165 981 4217 indicium
1000 4183 1059 4219 nou⁴
1071 4170 1205 4234 reperitur.
1243 4165 1306 4217 llam
1328 4180 1362 4216 er
1382 4178 1440 4214 ναν

350 4235 421 4285 sibus
441 4235 460 4286 4
480 4243 507 4285 et
526 4236 543 4286 9
563 4236 613 4286 hoc
631 4253 710 4287 unurn
730 4252 776 4302 pro
803 4245 875 4287 certo
901 4246 988 4304 potest
1014 4238 1153 4301 affirmari,
1181 4237 1286 4288 dedisse
1310 4236 1440 4288 Horatium

352 4306 418 4356 hunc
436 4306 572 4372 epistolem
593 4317 713 4375 quattuor
731 4306 772 4358 vel
795 4309 910 4376 quinque
933 4311 1007 4359 aunis
1027 4316 1086 4377 post
1106 4308 1213 4360 alterum
1232 4304 1397 4358 consulatum
1415 4303 1439 4354 l.

348 4377 441 4428 Seruilii
460 4377 533 4437 Ταυτὶ
552 4391 574 4426 n.
594 4379 661 4440 7283
680 4393 738 4429 usm
759 4377 880 4429 nntulicis
901 4381 1009 4446 Augusti
1031 4383 1081 4431 inm
1102 4379 1162 4431 inde
1180 4378 1217 4429 uh
1238 4394 1305 4431 enno
1325 4378 1379 4431 725
1394 4390 1440 4427 ce-
1521 4404 1522 4419 2

348 4445 447 4496 ishrsts
466 4462 525 4496 erse
541 4451 681 4500 memoriae
696 4448 808 4516 prodidit
825 4449 873 4500 llio
892 4449 999 4501 (lessius
1018 4450 1058 4515 hl,
1081 4451 1130 4503 19:
1157 4452 1218 4517 ,Ἐν
1236 4465 1266 4503 re
1282 4459 1342 4507 rote
1363 4464 1442 4516 yser-

347 4517 439 4573 ditem
469 4515 554 4574 atnoe
579 4524 627 4571 καὶ
656 4522 687 4574 ἐν
705 4520 735 4590 τῇ
760 4525 808 4584 vir
832 4520 967 4592 ἀγγελίας
986 4524 1031 4589 τῆς
1053 4530 1129 4590 νίκης
1157 4518 1250 4594 ἡμέρᾳ
1274 4523 1441 4593 Ιέρῡμνόῦ
