3117 5042
375 418 468 484 istit.
490 419 514 483 1.
558 415 718 485 niter.
742 419 855 486 xvllt.
877 422 962 487 xlx
1155 427 1217 489 m

138 612 186 657 sos
201 598 298 672 Quem
318 593 585 678 llanlelalltlt,
606 613 740 678 ugosus
760 597 881 679 frigore
902 617 1011 682 peges,

205 704 286 781 Quiri
308 704 427 768 eentlre
446 705 556 785 patasi
576 704 649 785 quill
671 704 790 784 melis,
815 707 930 785 aniee,
953 708 1105 789 precarii

200 811 251 873 Sit
272 811 347 898 milri
368 811 449 894 quel
470 829 551 874 nuno
571 819 638 892 est,
662 813 754 878 1111111
774 814 892 892 ninus3
914 815 1035 878 etmihi
1058 815 1162 880 eirarn

203 920 294 1002 Quoi
318 925 461 1000 superest
481 919 574 996 neri,
595 913 623 983 sl
644 919 718 1002 quii
739 939 901 1004 saperesee
920 923 1028 985 velant
1048 922 1099 999 ll,

202 1025 255 1089 Sit
276 1025 357 1089 torsa
378 1025 579 1091 librorunet
597 1029 744 1109 provisae
765 1029 867 1111 longis
889 1030 921 1092 in
941 1046 1055 1093 annun

143 1132 329 1215 lincopia,
353 1152 412 1197 neu
430 1134 545 1200 ilaritate
566 1134 678 1198 latiae
699 1154 755 1218 epe
777 1137 930 1218 pmlnlus
952 1136 1058 1202 torae

206 1240 270 1303 Set
291 1241 371 1304 satis
389 1248 441 1303 est
459 1259 552 1308 orare
571 1243 675 1305 iurem
695 1259 774 1325 qnae
795 1242 892 1307 donat
915 1251 948 1306 et
968 1246 1090 1309 aulsrt:

203 1349 265 1414 liet
285 1349 379 1414 vitan
391 1393 402 1426 ,
422 1350 591 1440 legopes3
613 1369 743 1434 aequius
763 1353 805 1416 mi
827 1353 961 1430 ιυὶιιμ
981 1354 1048 1436 ipse
1070 1353 1199 1435 parebo.

571 1570 767 1584 m

510 1773 723 1870 aptorum
747 1774 836 1848 xut

205 1940 313 2003 Prlseo
332 1936 360 2001 si
380 1935 503 2014 erelio,
523 1935 689 2001 Maecenas
709 1938 823 2018 loete,
843 1938 983 2022 Cratino,

207 2049 303 2112 Nulla
321 2047 446 2128 plaeere
465 2044 518 2108 liu
539 2063 597 2108 nee
617 2046 724 2110 vivere
744 2046 882 2112 earmina
905 2058 1043 2131 possunt,

209 2162 296 2252 Qpae
316 2156 491 2219 scribuntur
509 2172 610 2252 aquae
631 2155 802 2238 potoribus.
849 2156 890 2219 lit
903 2157 992 2243 ,mah
1013 2177 1108 2222 sanos

119 2410 156 2425 -·
177 2376 316 2451 liraldo]
338 2376 451 2445 Porpls:
476 2373 596 2428 llandela
615 2389 698 2442 pagus
716 2382 758 2427 est
774 2376 855 2428 ulmis
873 2376 1030 2434 contrahens
1050 2383 1129 2446 atqrm
1147 2376 1218 2445 algi-

120 2450 189 2515 dus,
209 2450 309 2518 frigore
329 2461 426 2514 rugosa
444 2446 543 2498 iaciens
563 2445 695 2497 hominnm
710 2456 844 2512 corpora.tt
881 2447 965 2500 llorlie
983 2449 1109 2499 nominari
1128 2448 1222 2501 dicitur

119 2520 253 2576 Boudeia.
290 2553 325 2568 -.
362 2535 414 2569 aere
431 2517 536 2590 Mssa}
555 2517 598 2569 Sic
619 2524 690 2568 reete
708 2519 798 2584 optimi
817 2517 939 2581 codices,
964 2516 1009 2569 alii
1028 2535 1070 2570 se.
1106 2519 1220 2584 Quodsi

120 2592 263 2655 muheres,
285 2587 411 2657 penderet
429 2590 479 2640 hoe
497 2596 614 2657 quartum
628 2586 697 2655 qnod
709 2596 780 2655 optat
792 2587 882 2639 abillo
898 2588 967 2657 quod
985 2589 1133 2657 praeeedit3
1152 2589 1222 2659 quod

120 2679 158 2716 ne
175 2665 260 2732 possit
285 2660 342 2711 lieri
359 2667 432 2711 vetat
451 2666 580 2711 extremus
603 2671 695 2710 versus
717 2667 743 2710 et
762 2658 888 2726 particula
906 2660 959 2711 reri
995 2660 1060 2712 llam
1076 2660 1140 2712 illud
1158 2663 1220 2729 riri-

120 2745 181 2788 tore
202 2751 247 2803 spe
263 2732 356 2784 delire
372 2730 454 2782 leorae
473 2730 603 2799 signilleat
620 2731 734 2798 iniquam
755 2732 833 2782 animi
852 2729 1054 2796 condicionem,
1072 2747 1123 2799 qua
1144 2732 1222 2783 modo

119 2806 174 2857 lanc
191 2804 269 2856 murlo
288 2802 351 2854 illue
371 2801 448 2853 humo
468 2801 585 2866 trahitur,
604 2809 630 2852 et
648 2802 788 2867 opponitur
796 2803 919 2870 aequitati
931 2803 1018 2853 animi.
1047 2801 1118 2853 llanu
1134 2811 1220 2853 tamen

119 2887 174 2928 non
195 2876 313 2943 luppiter
339 2872 526 2940 potest‘dare,
551 2871 598 2925 sed
625 2870 702 2923 homo
728 2875 830 2940 estqui
858 2880 931 2939 parat
965 2871 1112 2939 eibi'ipse;
1138 2887 1219 2942 quaro

119 2949 186 2999 satis
208 2954 249 2998 est
269 2949 358 2998 lovem
377 2959 409 2996 ea
427 2959 521 3013 rogare
543 2944 657 3013 quaein
682 2944 738 2994 eius
764 2953 825 2994 sunt
851 2951 987 3011 potestate.
1036 2944 1128 3013 ltaque
1151 2946 1219 2995 ecri-

120 3017 237 3071 bendum
257 3033 322 3086 psas
340 3016 435 3081 «loson
459 3014 503 3066 alii
530 3017 574 3084 poi
591 3015 671 3065 donst
685 3012 729 3066 rel
749 3029 815 3082 pens
833 3016 917 3085 posit.

546 3116 710 3185 Epistola
736 3116 804 3169 lllll.

211 3223 252 3276 lio
270 3232 401 3290 tempore,
419 3236 471 3291 quo
490 3230 593 3290 praeter
610 3224 756 3291 Augustum
772 3223 954 3290 imperatorem
973 3221 1046 3274 multi
1064 3219 1176 3273 nubiles'
1187 3235 1220 3272 ao

120 3295 219 3348 diriter
239 3296 287 3346 riri
306 3294 392 3346 llusas
410 3292 528 3346 colerent
547 3301 690 3361 poetasque
710 3293 801 3345 lavore
815 3301 1004 3358 autumarent,
1024 3294 1080 3346 lieri
1099 3308 1151 3345 non
1170 3308 1223 3360 po-

120 3369 173 3419 tuit
187 3368 256 3434 quin
275 3374 377 3433 praeter
397 3379 473 3415 veros
493 3372 585 3431 poetar
606 3379 660 3415 uon
674 3379 753 3432 parra
773 3366 912 3417 exsisteret
929 3365 1004 3417 turba
1016 3365 1157 3426 hominnm,
1176 3363 1222 3431 qui

119 3439 233 3506 ingenio
253 3436 331 3505 plano
359 3427 474 3487 destituti
492 3449 584 3485 versus
603 3450 698 3501 magno
716 3438 824 3503 negotio
842 3437 925 3488 iactos
944 3438 1064 3488 inanibus
1083 3436 1224 3486 sententiis

119 3508 270 3576 explerent,
288 3522 438 3575 magnorum
454 3502 639 3571 exemplarium
658 3506 770 3572 vestigia
788 3513 815 3557 et
834 3507 914 3558 rerba
925 3505 1056 3559 serviliter
1074 3511 1223 3572 premerent

119 3589 148 3632 et
168 3588 256 3630 tamen
277 3593 395 3646 magnam
417 3574 587 3627 sibilantem
605 3589 634 3626 se
655 3584 849 3642 comparaturus
867 3584 1010 3643 sperarent
1055 3575 1112 3638 Quo
1131 3574 1223 3625 morbo

120 3652 239 3717 correpti
259 3657 332 3701 eraut
353 3649 445 3716 purtim
466 3646 570 3709 divites,
589 3646 633 3713 qui
653 3643 721 3696 domi
742 3648 857 3698 earmina
877 3661 927 3697 sua
941 3649 1081 3698 recitantes
1102 3646 1224 3714 plausum

119 3736 208 3774 coena
226 3729 252 3772 et
272 3723 382 3788 pecunia
404 3726 551 3785 coemptum
570 3715 733 3785 colligerent,
755 3719 847 3784 partim
864 3732 993 3784 pauperes
1010 3718 1151 3785 miserique
1166 3715 1223 3766 lio-

119 3795 217 3856 ruiues,
236 3794 280 3860 qni
300 3792 376 3843 inme·
389 3805 469 3856 saepe
491 3791 518 3841 in
536 3788 648 3839 lurorem
666 3788 755 3854 agitati
767 3796 812 3838 ant
830 3790 951 3856 ingentes
970 3787 1059 3840 landes
1075 3786 1222 3840 liberalium

119 3872 292 3931 patronorum
312 3860 454 3914 clamarent
479 3858 642 3912 antistites
661 3857 809 3926 tragoedias
828 3858 950 3911 mollibus
970 3857 1075 3911 auribus
1093 3859 1222 3911 delicatu-

120 3933 208 3986 lorum
228 3932 389 3985 dominorum
407 3938 547 3985 comment
585 3931 726 3999 Utrumque
753 3945 837 3998 genus
865 3929 1014 3995 llurntium,
1044 3946 1133 3999 aquo
1153 3945 1221 3981 con-

119 4012 292 4067 temneretur,
311 4003 396 4071 palam
415 4002 506 4054 oderat
523 4001 704 4068 eundemque,
721 4016 798 4069 quern
816 4002 968 4067 imitaretur,
986 4000 1053 4052 elam
1074 3999 1222 4053 admiraba-

97 4069 173 4128 'tun
223 4076 262 4127 llo
286 4075 326 4126 lais
347 4076 426 4142 igitur
445 4073 592 4125 homiuibus
610 4072 659 4124 huo
676 4071 787 4139 epistola
807 4072 898 4124 scribit
917 4071 950 4123 ad
970 4072 1162 4135 llaeeenatem,
1194 4073 1221 4122 in

122 4162 177 4215 qua
197 4145 287 4214 lepide
306 4146 352 4198 serl
364 4145 460 4197 acerbe
477 4143 609 4196 invehitur
625 4145 651 4194 iu
665 4143 720 4202 vila
731 4141 795 4195 illud
806 4160 889 4211 genus
907 4144 1072 4208 imitatorum,
1092 4146 1136 4212 qui
1152 4157 1221 4211 quae

120 4219 229 4286 poetlea
256 4233 298 4269 ars
328 4225 403 4288 esset!
422 4217 571 4268 uadentes
596 4229 687 4266 versus
705 4215 727 4266 si
746 4215 843 4267 misere
861 4214 1085 4281 conglutinassent
1101 4214 1152 4266 sibi
1171 4215 1223 4281 ipsi

120 4289 251 4358 plaudere
267 4287 396 4341 solebant
432 4287 533 4354 snrpu
553 4285 657 4339 ridetur
674 4284 752 4354 paulu
772 4294 833 4338 anta
852 4285 948 4338 editum
967 4293 1048 4337 totum
1066 4285 1169 4337 libram,

194 4393 225 4446 V.
246 4394 271 4446 1.
289 4393 373 4516 11111σρ
392 4391 426 4444 ol.
447 4388 597 4475 omnm
616 4389 643 4454 8,
660 4389 687 4442 5.
720 4388 767 4473 lie·
782 4388 887 4474 Cratino
904 4390 966 4442 vide
983 4391 1020 4475 acl.
1034 4391 1086 4447 sat
1106 4390 1128 4454 1,
1144 4388 1172 4474 fl,
1195 4389 1219 4441 1.

118 4493 149 4508 -
169 4464 317 4534 perum]
368 4478 402 4515 on
423 4462 501 4522 leerle
520 4459 591 4513 rlreas
613 4470 696 4515 utrum
716 4459 817 4512 dativus
837 4470 872 4513 srt
890 4476 923 4513 sn
942 4461 1079 4514 ablativus.
1125 4461 1150 4513 Si
1170 4459 1220 4511 sh-

113 4534 226 4589 lativum
246 4537 350 4599 maris,
381 4534 442 4588 ride
457 4533 489 4585 ad
508 4531 592 4588 Carni.
611 4530 632 4599 l,
651 4532 679 4596 6,
699 4534 725 4587 2.
743 4564 777 4574 -
797 4531 835 4606 st]
858 4549 890 4585 er
911 4548 971 4602 quo.
1002 4533 1062 4585 vide
1081 4532 1113 4583 ad
1134 4533 1222 4586 Carsu.
