3117 5042
331 384 450 493 ‘utu
473 430 526 495 ιιι.
569 396 971 513 economum.
1139 400 1204 528 eoo

305 604 406 673 Velox
428 617 531 685 mente
552 616 661 679 norn'i
701 618 819 695 Quibus

395 715 502 782 Autris
524 722 647 804 egregii
670 723 818 791 Caesaris
839 730 951 795 ouiiur

276 839 291 882 s
313 822 478 888 Aeternum
498 827 650 894 mettum
669 832 763 897 decus

390 932 501 999 Sicilie
523 934 662 1000 inserere
681 947 713 1002 et
734 942 864 1008 consilio
886 946 995 1013 lovisl

307 1038 558 1125 Dicaminsignc
578 1062 687 1109 recens
710 1049 811 1114 nrllruc

387 1146 537 1213 indictum
559 1170 615 1214 ore
637 1152 710 1218 ulio.
751 1157 821 1223 Non
843 1178 931 1227 secus
952 1163 984 1228 in
1006 1165 1088 1249 iugis

313 1250 478 1318 Exsomnis
498 1264 600 1340 stupet
622 1260 740 1343 liuius,

257 1377 289 1422 ro
384 1362 518 1429 Hebrum
539 1365 729 1451 prospiciens
750 1366 782 1434 'ct
805 1372 877 1437 uiro
898 1377 1061 1443 modiolum

304 1466 448 1534 Thracen
472 1491 510 1535 ac
531 1477 610 1556 pede
630 1476 768 1542 borbore

366 1568 566 1647 'Lustralem
589 1582 777 1668 Rhodopen,
803 1593 839 1650 ut
858 1589 933 1653 milri
960 1590 1051 1656 clevio

305 1683 401 1766 llipss
421 1690 602 1771 strnounic
624 1710 731 1756 nemus

386 1795 499 1859 llliruri
520 1798 604 1863 litet.
648 1803 674 1865 0
695 1803 847 1869 Noisslum
868 1811 979 1886 polens

250 1914 279 1960 rs
301 1897 548 1988 Baccharumque
563 1909 736 1977 vvolentium

388 2010 540 2106 Procerus
560 2017 701 2105 nauibus
723 2022 847 2083 vertere
869 2019 1028 2104 fraxinos,

100 2152 236 2206 insolitum
257 2155 336 2207 robur
349 2157 410 2223 dore
428 2161 519 2226 possit,
540 2161 697 2215 imbecillum
713 2165 790 2217 etiem
800 2163 929 2218 hominem
943 2167 975 2218 ecl
985 2166 1127 2223 coelestem
1135 2189 1199 2226 eon·

100 2232 153 2276 tum
173 2225 303 2277 extollere
326 2229 419 2279 Verum
439 2260 470 2272 -
487 2234 525 2281 sic
543 2232 671 2286 clauditur
686 2251 791 2287 carmen
809 2267 843 2279 -
862 2239 1039 2304 periculosum
1067 2244 1142 2299 simul
1173 2256 1200 2297 et

100 2296 225 2347 blondum
244 2305 285 2348 est
302 2296 343 2348 dei
364 2300 462 2350 numini
480 2303 565 2365 tradis
583 2305 777 2370 periculosum,
797 2309 859 2375 quis
878 2324 930 2360 non
951 2310 1070 2362 omuibus
1089 2317 1201 2383 configit

97 2381 152 2421 eom
173 2369 243 2418 risrn
265 2371 370 2435 impuno
389 2376 525 2438 persequi3
557 2373 651 2438 dulce,
680 2379 742 2444 quia
762 2379 812 2429 iste
840 2378 911 2430 luror
928 2394 944 2430 u
961 2380 1012 2432 deo
1037 2385 1122 2447 veuit,
1153 2388 1198 2454 qui

97 2439 150 2487 riui
170 2437 303 2491 beneficio
324 2439 433 2491 mortale
461 2458 544 2509 genus
571 2445 702 2498 hominum
731 2450 811 2502 nuxit.
847 2450 890 2501 Sic
916 2447 1070 2503 infirmitatis
1098 2455 1200 2509 secedit

96 2506 179 2559 libere
197 2508 348 2572 confessio,
368 2511 491 2579 frequens
509 2513 555 2564 illu
572 2516 676 2583 quidem
694 2519 762 2585 opud
781 2519 920 2570 llorutium.
943 2551 977 2562 -
995 2523 1123 2589 Scriptum
1141 2526 1199 2578 for·

96 2585 280 2632 tusce-narn
298 2580 359 2647 quid
377 2592 475 2634 certum
493 2586 520 2637 in
538 2585 587 2637 huo
607 2587 657 2639 re?
677 2620 709 2630 -
732 2604 801 2641 auno
821 2590 873 2643 725
893 2587 937 2641 vel
958 2590 1018 2656 726,
1040 2609 1092 2661 quo
1107 2610 1198 2650 omnes

96 2649 210 2716 Augrmti
227 2652 320 2702 merita
338 2667 369 2702 sc
389 2653 503 2707 lucinum
521 2664 656 2724 stupentes
673 2667 770 2711 tontum
789 2660 919 2712 homiuem
935 2661 1004 2714 inter
1022 2662 1086 2717 deos
1116 2682 1201 2736 prope

96 2720 258 2773 relucebant.
295 2720 336 2777 Gi.
356 2718 440 2776 Curru.
458 2723 505 2789 ΙΙΙ,
523 2728 549 2790 3,
570 2731 611 2781 11.
634 2760 665 2771 -
772 2776 773 2779 ,

166 2809 201 2860 V.
223 2810 249 2861 2.
272 2825 338 2876 pune
355 2817 473 2883 nemora]
506 2813 545 2867 lle
566 2830 686 2882 praepos.
716 2816 818 2868 isthuc
839 2832 944 2885 quoque
969 2819 1108 2873 referendo
1138 2823 1200 2876 ride

96 2876 201 2946 Zumpt.
219 2892 258 2946 gr.
276 2880 320 2929 lut.
338 2882 365 2943 δ.
387 2882 452 2934 778,
483 2884 581 2952 Spccsu
598 2896 683 2937 eutem
702 2895 729 2941 et
746 2897 846 2939 anuum
863 2888 914 2951 hoc
931 2890 999 2940 iuter
1016 2907 1047 2942 se
1065 2892 1197 2960 dillcrunt,

95 2950 163 3015 quod
178 2965 277 3017 specus
295 2951 390 3003 dicitur
406 2952 440 3003 de
458 2953 599 3007 solitudine
617 2972 648 3007 uc
666 2959 787 3008 restitute
807 2957 877 3022 loci,
909 2967 1009 3011 rutrum
1041 2960 1076 3012 tle
1107 2962 1197 3017 divino

94 3029 230 3085 poctarum
248 3020 407 3073 deversorio.
426 3054 460 3065 -
478 3027 567 3091 quillus
585 3029 680 3098 sewu]
700 3043 752 3078 non
773 3036 815 3079 cst
842 3029 958 3094 dativus,
993 3031 1040 3083 sect
1068 3031 1197 3089 obtrusus

95 3089 153 3141 loci.
191 3118 228 3133 -
266 3095 375 3163 eprcpic]
398 3093 533 3149 clcmm
556 3097 623 3161 Ι,6,
645 3102 685 3150 11.
715 3128 749 3140 -
785 3100 922 3171 multaris]
942 3101 1081 3157 meditetur
1100 3114 1195 3174 poete,

94 3163 136 3227 qui
156 3177 225 3229 quus
243 3163 424 3217 celebraturus
439 3174 539 3219 estres
558 3169 594 3220 iis
609 3177 677 3220 totus
702 3176 820 3234 tenetur3
845 3173 896 3222 ium
915 3187 973 3224 oum
993 3173 1081 3229 dirius
1098 3177 1125 3227 in
1145 3193 1196 3245 pe-

92 3240 163 3284 ctore
189 3241 327 3301 poetarum
348 3236 388 3287 ris
407 3251 487 3304 sucpe
507 3238 621 3303 eiiciet,
648 3248 678 3290 ut
694 3241 770 3293 simul
791 3252 869 3310 utque
886 3245 1001 3295 oriuntur
1024 3249 1196 3314 cogitationes

91 3305 165 3354 etism
197 3304 381 3370 proferuntur,
406 3309 528 3361 credituri
543 3311 627 3378 ipsum
647 3327 743 3362 essere
761 3322 848 3379 potest
873 3314 1028 3383 significare.
1056 3349 1093 3360 -
1121 3322 1195 3374 utt-

92 3377 164 3447 ctmn}
184 3375 222 3424 ci.
241 3375 324 3442 Epist
344 3376 365 3440 l,
386 3378 428 3441 19,
450 3381 494 3431 32.
517 3411 549 3424 -
569 3384 708 3451 cssomnis]
736 3382 839 3437 Boccho
858 3401 910 3436 non
929 3401 1020 3439 somno
1039 3397 1080 3440 est
1096 3405 1193 3457 exper-

93 3453 170 3508 rectu,
187 3445 238 3497 sed
256 3447 391 3512 insomnis,
410 3458 537 3516 perpetuu
554 3452 645 3520 uigilia
663 3456 774 3520 agitetu3
796 3455 899 3507 scilicet
917 3456 981 3507 deus
1000 3471 1117 3509 somnum
1137 3476 1194 3513 euni

93 3530 187 3581 cupere
209 3532 262 3567 nou
278 3520 382 3584 petitur.
419 3521 546 3584 Quodne
564 3521 654 3576 credu's
674 3527 867 3591 praepositione
887 3544 920 3576 en
946 3529 1043 3591 veteri,
1072 3543 1194 3596 compertu

92 3602 181 3639 excors
204 3586 294 3654 Epicu·
306 3588 326 3651 1,
349 3592 374 3654 2,
393 3592 445 3655 253
478 3595 553 3646 euleu
581 3596 614 3646 Α.
634 3595 661 3651 P.
681 3595 749 3657 2243
778 3594 917 3663 usurpetis
934 3595 1017 3661 Epist.
1036 3597 1057 3659 l,
1078 3599 1120 3662 19,
1142 3601 1193 3665 183

92 3674 178 3709 mors
201 3654 232 3709 Α.
250 3657 278 3710 l‘.
299 3660 369 3724 ³053
389 3680 478 3733 exspes
497 3665 580 3735 Epod.
605 3666 647 3730 16,
666 3665 709 3716 37.
729 3668 761 3717 Α.
779 3667 807 3718 Ρ.
828 3666 870 3718 20.
899 3666 1018 3717 Bacchae
1037 3675 1189 3722 autemnon

91 3726 140 3779 tllu
158 3722 251 3783 urente
268 3732 491 3789 sumusl'hruciau
509 3736 645 3805 regionem
661 3734 703 3786 dei
723 3738 841 3802 vestigiis
857 3737 966 3787 refertus
984 3745 1096 3803 stupent,
1116 3749 1193 3809 utque

94 3817 122 3854 ee
143 3820 197 3871 qun
217 3812 297 3870 poeta
316 3804 349 3855 ub
368 3806 400 3859 iis
417 3807 495 3859 rebus
514 3824 577 3875 quas
595 3807 663 3859 solet
680 3821 774 3856 cunero
795 3807 931 3859 distractus
957 3807 1066 3877 (deuius)
1086 3813 1193 3876 grundis

93 3874 231 3929 admiretur
265 3890 345 3948 uupue
374 3879 479 3930 excelsu
499 3880 532 3931 ud
559 3877 701 3930 cauendum
729 3893 798 3927 nuuc
828 3877 877 3929 sibl
907 3878 1040 3944 proposito
1066 3878 1211 3939 iocinore..

94 3946 140 3998 sic·
153 3949 337 4018 intelliguntur
355 3952 380 4001 ri
398 3960 599 4013 ueletoucmem
615 3966 721 4011 semus,
753 3963 820 4015 quae
838 3948 889 3999 hoc
909 3957 1006 3998 tentum
1025 3948 1133 4017 volunt,
1164 3963 1193 4005 nt

30 4010 34 4019 '
93 4035 181 4076 meres
195 4024 321 4090 regiones
338 3968 526 4075 refoublirues
543 4030 570 4073 et
587 4020 672 4073 adhuc
691 4027 785 4089 poetae
802 4021 946 4073 intentatus
966 4032 1009 4070 res
1034 4028 1096 4088 rptu
1122 4022 1191 4077 ullc-

94 4097 165 4159 gorio
181 4094 323 4147 illustrent.

159 4193 192 4244 V:
216 4195 257 4245 12.
277 4196 315 4264 ut]
341 4192 472 4263 coniunge
490 4206 548 4246 curn
564 4204 620 4245 lton
639 4203 723 4247 recum
745 4188 783 4246 ci.
802 4183 886 4245 Germ.
907 4187 928 4256 Ι,
951 4189 992 4256 16,
1013 4190 1096 4262 lsqq.
1127 4191 1190 4276 ,⁰¹⁰·

96 4259 162 4314 Brut
183 4263 227 4327 50,
249 4264 301 4316 188
317 4265 428 4335 perinde
451 4297 483 4311 Ρ-
502 4275 543 4329 st,
570 4280 638 4333 quae
657 4266 760 4332 species
779 4262 908 4332 quaedem
926 4270 967 4314 ost
992 4269 1193 4318 constructionis

96 4332 126 4382 rt
140 4350 248 4387 sensum
269 4351 337 4403 quae
353 4345 467 4387 vocatur.
497 4334 621 4388 Nimirum
632 4352 685 4387 noo
694 4352 775 4396 secus,
794 4333 911 4405 perinde,
929 4350 983 4385 sou
1003 4333 1083 4386 ullter
1102 4334 1192 4402 (Orici.

96 4401 153 4455 ilet
174 4396 295 4473 11612)
314 4406 382 4457 icium
402 4406 550 4474 significent
568 4406 637 4474 quod
654 4409 701 4463 lto.
723 4407 764 4455 cui
784 4404 894 4456 relativo
911 4403 1051 4473 respondet
1069 4406 1196 4471 porticulo

95 4482 168 4524 111-
180 4445 299 4529 munibus
314 4484 427 4548 uertere]
447 4476 600 4545 Exemplum
610 4477 642 4527 ed
653 4475 984 4541 ostendendum'iupentern
996 4472 1111 4596 ιιίιιιἪιιι
1131 4477 1196 4562 <leus

95 4543 161 4596 solet
187 4548 315 4616 implere;
347 4548 380 4600 rh
399 4550 450 4599 too
474 4549 509 4601 sel
531 4557 669 4617 poetarum
693 4546 794 4599 Boccho
822 4545 957 4613 plenorum
975 4559 1061 4613 ornum
1082 4555 1194 4601 centrum

139 4642 242 4701 ”mles
257 4652 291 4699 etl.
310 4650 472 4701 Dttteoturger.
974 4655 989 4720 ¹
996 4646 1019 4718 4
