3117 5042
342 417 546 481 5120ssth
572 416 955 488 lineamenti.

295 594 427 661 Paratus
448 614 538 659 omne
550 595 697 661 caecans
717 599 887 679 perieulum

375 702 507 781 Sulmo,
528 706 713 785 Maecenas,
738 713 809 770 luo:

258 830 271 872 s
291 812 369 888 Quid
391 831 464 888 uos,
484 813 593 895 quibua
616 821 647 877 te
667 815 734 878 rita
753 816 780 878 si
800 818 977 898 superstite

376 920 528 998 iucunda,
551 921 579 986 si
601 928 711 986 contra
733 924 868 1005 gravisi

297 1027 444 1090 Utrumne
464 1028 540 1092 iussi
560 1047 778 1112 persequemur
799 1031 894 1095 otium

376 1137 445 1200 Nou
469 1136 558 1200 dulce
578 1138 609 1201 ni
632 1144 732 1202 tecum
754 1138 862 1219 simrrl,

292 1243 340 1307 An
362 1244 442 1307 bunc
460 1244 600 1309 laborem
627 1253 729 1310 mente
750 1248 862 1327 laturi,
883 1248 972 1312 decet

239 1368 268 1413 so
377 1355 445 1429 Qua
467 1354 553 1416 ferre
572 1373 634 1417 uon
656 1355 766 1419 molles
789 1356 894 1419 virosi

295 1460 439 1523 Fer-emus
460 1468 491 1523 et
511 1468 543 1523 te
565 1462 616 1524 rel
638 1480 695 1543 per
715 1463 839 1544 Alpium
859 1464 934 1545 iuga

374 1568 595 1650 inhospitalem
615 1578 646 1633 et
666 1571 858 1649 caucasum,

295 1676 352 1739 Vel
374 1676 549 1740 Occidentis
569 1696 665 1762 usque
686 1679 726 1743 ad
746 1680 884 1744 ultimum
904 1683 1004 1746 alnum

375 1780 463 1847 lt‘orti
482 1804 644 1869 mquemur
665 1791 799 1869 pectore.

238 1908 266 1953 is
287 1893 392 1975 Reges
413 1899 496 1957 tuum
518 1894 627 1958 labore
648 1895 720 1976 quid
738 1896 839 1958 iuvem
859 1915 927 1959 meo

379 2001 516 2065 lmbcllis
535 2020 573 2064 ac
594 2003 699 2065 liumus
718 2007 852 2085 parurul

293 2109 402 2173 Comes
422 2110 541 2173 minore
562 2129 630 2175 sum
651 2114 771 2175 iuturus
793 2113 824 2175 in
845 2120 936 2190 ructu

374 2217 433 2293 Qui
453 2218 555 2282 maior
575 2220 718 2283 absentes
738 2220 850 2299 babet3

296 2325 335 2386 llt
355 2325 497 2389 assidens
520 2328 714 2409 inplumibus
734 2329 829 2410 pullis
849 2330 919 2393 aris

241 2449 271 2494 ue
374 2433 568 2515 Serpentium
592 2436 731 2517 allapsus
753 2438 838 2499 timet

278 2539 397 2622 'Magis
418 2542 552 2622 relictis,
571 2564 633 2607 uon
656 2550 689 2608 ut
709 2544 793 2608 adsit
817 2543 915 2608 auxili

375 2650 494 2714 [satura
512 2653 583 2732 plus
603 2654 829 2733 praesentibus.

290 2756 439 2845 libenter
461 2756 520 2821 boc
541 2765 572 2821 et
593 2778 680 2822 omne
702 2760 885 2824 militabitur

110 2990 225 3046 relictus.tt
261 2997 335 3048 llaec
352 2997 489 3059 lloratius3
518 2999 656 3051 Maecenas
674 2999 769 3051 deinde
789 3000 833 3066 qui
850 2997 955 3050 urbanis
976 2996 1090 3064 negotiis
1109 3011 1187 3063 prae·

110 3073 168 3115 esset
182 3067 213 3118 ab
231 3065 376 3119 Octaviano
390 3069 501 3125 relictus
521 3079 623 3136 captum
644 3079 705 3123 ante
725 3070 862 3123 consilium
881 3085 934 3120 non
952 3077 992 3121 est
1005 3075 1166 3136 persecutus.

163 3169 190 3219 v.
211 3162 239 3227 1.'
255 3172 390 3238 Liburnis]
410 3171 471 3222 uide
491 3173 522 3223 ad
542 3173 624 3224 Carni.
645 3174 772 3239 1,37‚30.
794 3207 826 3219 -
846 3172 1056 3243 propupnoculu]
1077 3172 1187 3224 Antonii*

106 3249 200 3304 magnae
220 3242 312 3297 naves.
334 3242 389 3293 Cic.
408 3244 479 3294 Verr.
498 3243 532 3307 ll,
551 3246 576 3307 5,
588 3243 635 3297 34:
657 3246 751 3311 „Navis
768 3248 804 3297 ita
821 3260 923 3312 magiis,
942 3253 970 3294 ut
986 3240 1184 3313 propugnaculo

107 3313 187 3361 ceteris
205 3315 288 3379 possit
308 3324 389 3364 esset‘
426 3313 491 3364 Plin.
512 3316 543 3367 Η.
562 3316 591 3366 N.
610 3316 712 3381 xit-xit,
734 3321 756 3379 l,
775 3320 803 3368 l:
822 3319 958 3382 „sannaus
979 3315 1075 3367 classes
1098 3317 1184 3381 impo-

106 3388 159 3430 nunt
177 3382 222 3433 sibi
248 3386 358 3434 turrium
386 3385 599 3451 propugnacula,
627 3395 654 3437 ut
679 3390 705 3437 in
726 3390 789 3437 uiuri
809 3403 912 3454 quoquo
931 3396 1060 3454 pugnetur
1079 3384 1186 3437 veluto

105 3453 192 3501 murisl‘
212 3454 246 3504 ci.
268 3457 340 3521 Virg.
359 3456 425 3506 Aen.
445 3455 512 3520 vul,
530 3456 678 3509 685—693.
692 3491 722 3501 -
735 3460 758 3508 si
778 3461 924 3526 superstite]
944 3457 994 3508 sili
1015 3459 1048 3508 sit
1064 3465 1184 3523 superet,

105 3520 162 3584 quod
177 3525 277 3577 lucilius
296 3526 410 3594 quidem¹
422 3528 520 3576 minore
540 3535 623 3577 tannen
643 3528 758 3579 codicum
777 3531 929 3579 auctoritate
951 3529 1047 3577 nititur.
1073 3525 1183 3578 Nomina

104 3596 262 3662 tesspersdte
289 3596 351 3648 loco
377 3597 498 3647 distracta
528 3604 601 3649 metri
624 3599 731 3667 quadani
753 3602 852 3649 ratione
873 3602 1072 3666 coniunguntur.
1115 3596 1184 3646 Ordo

103 3657 137 3710 bie
155 3675 206 3715 est:
233 3668 331 3735 quibus
350 3669 403 3719 vita
421 3670 443 3717 si
463 3678 488 3719 te
506 3672 646 3734 superstite
667 3672 742 3737 (sit),
762 3670 871 3720 inseranda
882 3687 889 3733 ;
923 3671 944 3721 si
964 3677 1067 3729 contra,
1087 3667 1182 3733 gravis.

102 3731 210 3788 Similiter
228 3756 283 3791 esse
305 3738 412 3790 verbum
437 3740 558 3790 omissum
579 3742 645 3791 inira
663 3755 688 3789 v.
709 3740 734 3790 8.
772 3741 833 3791 vide
852 3742 883 3791 ad
903 3740 977 3792 Carni
1005 3737 1125 3804 1‚20‚3.
1149 3769 1179 3779 -

103 3808 216 3882 urenae]
238 3809 279 3860 De
302 3808 352 3859 hoe
372 3817 398 3859 ct
414 3810 540 3861 similibus
559 3811 618 3862 uide
636 3810 736 3877 Zumpt.
758 3827 795 3879 gr.
817 3812 860 3863 lat.
881 3820 907 3878 p.
922 3813 985 3863 352.
1004 3841 1039 3853 -
1057 3808 1182 3883 laborem]

104 3875 206 3931 militiae.
226 3914 261 3922 -
281 3882 440 3949 Caucasum]
463 3883 496 3931 cl.
516 3881 599 3932 Carus.
620 3881 640 3945 Ι,
663 3882 705 3946 22,
724 3881 749 3933 6.
771 3914 805 3922 -
823 3883 941 3952 imbellis]
965 3880 1048 3932 Caum.
1071 3880 1104 3943 ll,
1119 3879 1145 3943 ὁ,
1159 3880 1181 3932 7.

102 3942 204 4001 Alterum
220 3952 313 4016 firmus
331 3951 362 4001 ud
381 3952 555 4003 valetudinem
574 3953 694 4019 pertinet.
713 3985 747 3995 -
768 3955 868 4024 Comes]
888 3952 1057 4020 Respondent
1074 3950 1182 4003 haecad

102 4021 287 4078 praecedentem
307 4024 546 4090 interrogationem.
569 4055 600 4065 -
626 4023 656 4074 tii
674 4024 799 4094 assidens]
820 4023 1053 4090 „Quemadmodum
1068 4024 1183 4072 arisirn-

102 4084 216 4151 plumibus
234 4092 318 4159 pullis
335 4094 453 4144 assidens
473 4096 631 4159 serpentium
648 4096 759 4160 impetus
778 4098 860 4163 magis
879 4098 952 4147 timet
972 4111 1029 4144 cuna
1049 4108 1094 4144 eos
1106 4108 1183 4144 escae

101 4165 251 4221 quaerendae
270 4178 350 4214 causa
368 4165 487 4232 reliquit,
507 4180 583 4234 quarn
602 4181 659 4215 cum
678 4166 745 4232 apud
766 4182 811 4216 eos
831 4166 918 4227 sedet,
937 4166 1037 4216 etiamsi
1058 4179 1183 4231 praesens

101 4228 153 4279 nibil
174 4238 255 4299 possit
273 4235 364 4285 auxilii
385 4238 462 4299 terre,
479 4237 518 4286 'ita
538 4252 588 4303 ego
605 4252 710 4304 quoque
729 4238 830 4288 minore
847 4246 916 4288 metu
936 4237 1039 4287 crucior
1058 4248 1182 4301 praescus

101 4304 301 4365 nemausense
323 4308 431 4358 Relictis
452 4307 553 4358 dativus
571 4317 611 4358 est
626 4324 767 4375 suspensus
789 4324 803 4357 a
824 4308 909 4358 verbis
923 4309 992 4359 timet
1012 4315 1038 4359 et
1049 4304 1184 4365 eamdem

101 4379 122 4417 ut
140 4375 200 4425 adsit
222 4386 263 4427 est
282 4378 386 4429 etiamsi
405 4379 481 4429 adsit.
521 4377 620 4445 Zumpt.
640 4395 678 4445 gr.
700 4378 782 4440 lat.§
809 4379 869 4430 573.
904 4380 956 4429 lam
977 4377 1053 4429 vides
1069 4373 1129 4443 quid
1148 4375 1184 4424 sit

103 4438 253 4498 iudicandum
275 4447 311 4499 de
329 4449 379 4500 alia
399 4449 513 4500 lectione
530 4466 584 4499 aon
597 4452 635 4499 uti
652 4452 693 4499 sit.
709 4483 742 4491 -
761 4450 913 4500 suilitobitto·
931 4444 1183 4568 beliumhdudacter

102 4519 123 4560 tt
139 4528 203 4568 nove
231 4518 339 4571 dictum.
387 4520 439 4574 Sed
470 4535 589 4589 compara
616 4518 710 4571 similia
738 4517 821 4570 Carni.
844 4521 890 4583 ΙΙΙ,
913 4520 953 4585 19,
972 4520 997 4577 4,
1053 4516 1119 4583 Ι,3,
1138 4514 1182 4568 dd.
