3117 5042
444 401 534 465 ΙΙΙ.
557 402 608 465 tv.
655 401 806 468 CARM.
827 404 851 468 Ι.

239 599 273 645 so
377 582 473 648 Ponet
493 602 696 653 menoeceus
717 589 777 653 orb
799 588 888 653 trabe
908 589 1014 655 citreo-

206 684 214 701 ‘
290 692 359 755 lilio
380 691 513 774 plurima
533 694 661 756 nonnos
939 773 941 778 .

378 800 478 863 Duces
500 800 612 881 thura,
633 803 784 885 lyraeque
805 810 836 866 et
857 803 1059 883 Berecyntiae

295 906 499 975 Delectnbere
518 908 615 972 tibine

374 1015 483 1079 Mixtis
504 1017 690 1080 carminibus
711 1037 772 1081 non
794 1021 862 1082 sine
881 1020 1008 1099 listulas

237 1141 268 1186 ss
290 1124 358 1187 iilic
378 1123 425 1187 itis
446 1125 534 1209 pueri
556 1124 606 1188 die
690 1121 693 1125 ’

373 1234 490 1296 Nomen
508 1251 576 1294 conr
597 1234 712 1296 teneris
730 1234 903 1316 virginibus
925 1241 1008 1298 tuum

291 1341 469 1405 undantes
491 1341 569 1422 pede
591 1341 722 1404 candido

374 1450 410 1512 ln
431 1467 546 1512 moreni
567 1448 688 1513 Salium
711 1449 919 1533 coronatione
940 1449 1069 1515 omno.

295 1555 346 1618 nte
369 1574 427 1620 neo
445 1557 560 1620 femina
580 1574 638 1621 nec
656 1574 734 1640 puer

233 1683 267 1727 so
370 1666 433 1728 lam
456 1684 513 1728 nee
532 1684 607 1747 spes
624 1666 718 1729 animi
738 1665 866 1730 credula
884 1667 983 1733 notui

208 1828 212 1837 .
288 1774 353 1841 Nec
373 1778 495 1839 cenare
518 1775 609 1846 iuvat
628 1792 713 1837 mero
810 1828 819 1859 ·,

369 1881 434 1944 nee
454 1881 572 1945 vocare
592 1883 682 1946 novos
702 1887 843 1963 tenpore
862 1868 1021 1946 noanon-¹

290 1988 353 2052 seo
377 2008 433 2053 cur
454 1990 522 2067 heo,
541 1990 708 2073 Ligurine,
731 2006 787 2052 cnr
817 1974 844 2053 ,’

196 2094 198 2099 ’
373 2099 483 2162 Manat
504 2116 580 2163 rara
603 2118 689 2163 meas
712 2097 843 2163 lacrima
862 2115 919 2181 per
939 2100 1058 2180 genosi

231 2223 265 2269 ³⁵
283 2205 347 2271 Cur
367 2204 501 2271 fecunda
522 2226 630 2289 parrum
652 2192 791 2272 olecoro¹

368 2317 453 2381 inter
474 2316 573 2380 verba
591 2316 675 2383 caelit
695 2316 805 2401 lingna
825 2315 977 2380 silescunt

286 2422 452 2499 Nocturnis
474 2442 533 2506 ego
554 2424 681 2488 somniis

368 2532 431 2595 lam
453 2539 575 2613 captum
596 2539 696 2609 teneo,
716 2532 777 2595 inm
799 2532 955 2595 volucrem
974 2548 1087 2614 sequor

284 2640 332 2703 'l'e
353 2658 410 2722 per
428 2640 570 2722 gramina
589 2641 697 2705 Martii
741 2635 746 2639 ’
779 2626 786 2632 ’
1040 2638 1044 2643 ’

228 2763 261 2809 so
368 2746 496 2830 Campi,
518 2754 550 2810 te
570 2765 628 2830 per
645 2767 754 2833 aquas,
776 2748 869 2827 inre,
890 2747 1052 2813 volubiles.

85 2907 164 2962 lucum
182 2912 291 2978 proprie
311 2911 407 2963 dictum
425 2920 478 2964 tres
497 2912 533 2964 ibi
551 2912 595 2964 alii
616 2920 642 2964 et
659 2914 770 2981 proximi
793 2912 898 2965 luerunt
920 2912 1009 2975 lacus;
1034 2912 1095 2963 inda
1113 2911 1175 2978 pln-

85 2978 140 3060 ralis
158 2998 294 3034 numerus.
330 2983 438 3035 videtur
456 2982 550 3035 Paulus
569 2983 658 3036 villam
676 2985 712 3057 joi
723 2983 855 3035 habuisse.
872 3014 904 3025 -
923 2983 996 3036 troie
1014 2984 1108 3053 citrea]
1132 2984 1176 3035 Sie

85 3066 108 3101 nn
132 3054 321 3121 antiquissimis
350 3053 502 3119 codicibus3
535 3055 634 3124 Cypria
662 3072 695 3107 ex
725 3056 893 3123 corruptione
911 3063 938 3106 et
954 3070 1034 3121 prava
1051 3054 1176 3106 memoria

84 3119 131 3172 loci
149 3123 234 3176 Carni.
253 3124 274 3187 Ι,
295 3125 320 3188 1,
341 3125 374 3177 13
390 3135 481 3177 ortum.
519 3124 604 3178 Citrns
623 3126 700 3178 arbor
718 3126 787 3178 bene
807 3124 882 3178 olens
901 3134 927 3178 et
942 3126 1129 3193 pretiosissima
1142 3139 1176 3176 ex

80 3191 165 3244 Africa
185 3194 332 3261 petebatur.
371 3196 448 3263 Apud
467 3195 583 3248 Persium
603 3195 623 3260 1,
645 3198 679 3250 53
695 3198 863 3250 inveniuntur
883 3197 944 3250 lecti
964 3198 1047 3250 citrei
1068 3231 1103 3241 -
1120 3196 1175 3247 Be·

80 3268 209 3331 cometiae
231 3267 320 3338 tibiae]
357 3266 390 3323 cl.
414 3266 498 3319 carm.
520 3267 566 3330 ΙΙΙ,
586 3269 628 3334 19,
645 3269 694 3331 20;
714 3268 746 3320 de
764 3268 852 3320 dativo
878 3268 960 3337 Epod.
980 3267 1013 3334 9,
1032 3270 1058 3321 5.
1100 3266 1174 3319 Indi-

80 3342 148 3385 catnn
177 3346 321 3388 concentus
347 3338 425 3389 trium
450 3339 695 3402 instrumentorum
727 3340 769 3390 cui
792 3338 919 3393 accedunt
946 3354 1005 3390 mox
1031 3347 1120 3390 cantus
1148 3344 1176 3389 et

78 3404 188 3461 saltatio.
209 3408 244 3458 cl.
264 3408 309 3471 lli,
329 3408 372 3472 15,
388 3407 431 3461 30.
448 3443 482 3452 -
507 3409 545 3461 bis
562 3410 612 3481 die]
635 3412 760 3462 matutino
780 3418 807 3461 et
826 3412 976 3478 vespertino
995 3418 1121 3476 tempore.
1139 3439 1175 3450 -

77 3492 171 3529 norem
185 3479 301 3548 Salium]
323 3478 670 3545 ef.0orm.1,36,12.-
698 3489 739 3533 ter
756 3482 872 3549 commui
893 3482 1009 3550 iussum]
1035 3480 1070 3531 cl.
1089 3477 1173 3530 carm.

77 3544 121 3611 ΙΙΙ,
142 3548 184 3614 18,
204 3550 239 3602 16
259 3553 324 3613 etl,
346 3551 389 3615 37,
408 3552 433 3602 2.

143 3644 175 3696 V.
195 3645 240 3697 33.
263 3645 400 3717 Ligurine]
420 3642 536 3715 Egregia
552 3644 619 3697 haec
636 3644 753 3713 Ligurini
773 3643 940 3711 apostrophe.
976 3642 1042 3693 Dum
1062 3638 1172 3707 prolite-

75 3716 115 3763 lur
131 3723 220 3781 poeta,
239 3733 315 3767 suum
336 3718 386 3767 iarn
407 3730 459 3767 non
483 3732 542 3768 esse
560 3732 661 3768 amores
676 3718 786 3782 iungere
800 3717 915 3782 vinoque
930 3721 1039 3775 centone,
1057 3708 1171 3761 subitum

76 3787 236 3839 exorientia
255 3789 313 3838 eins
340 3789 426 3838 animo
456 3789 622 3854 pristinorum
649 3784 990 3854 temporum-desiderium
1020 3780 1089 3848 quod
1112 3792 1171 3828 cum

75 3855 183 3921 expiere
201 3874 254 3909 non
274 3860 359 3926 possit
371 3859 445 3927 quasi
465 3861 593 3911 somnium
612 3859 704 3909 sectari
724 3857 835 3908 videtur.
872 3854 944 3917 Quae
959 3852 1096 3903 coniuncta
1111 3853 1171 3899 sunt

77 3929 162 3978 onnia
189 3929 369 3981 demonstrant
395 3943 447 3981 non
474 3929 616 3996 significari
636 3944 726 3981 verum
745 3930 801 3980 eius
819 3927 943 3991 temporis
964 3936 1095 3983 amorem,
1123 3916 1170 3968 scd

75 3997 174 4049 tristem
193 4002 336 4053 iuventutis
356 4000 582 4065 recordationem,
613 3998 818 4068 unumquidem
847 3994 973 4065 reliquam
999 4004 1032 4042 ex
1049 3986 1168 4074 omnibus

74 4065 275 4122 iucunditatibus
293 4088 380 4139 neque
400 4073 451 4122 inm
469 4073 550 4140 magis
569 4087 657 4123 venam
674 4086 751 4138 qnam
768 4068 925 4121 somniorum
947 4061 1055 4115 fallaces
1073 4073 1170 4126 omagi-

74 4151 128 4191 nes.
160 4172 194 4182 -
231 4159 300 4194 rara
327 4134 449 4213 laomim]
480 4151 508 4194 ut
529 4141 557 4192 iit
576 4144 603 4193 in
621 4144 774 4201 amissorum
794 4139 920 4200 bonorum
938 4141 1011 4202 grata
1030 4140 1057 4183 et
1076 4127 1170 4181 acerba

71 4210 261 4265 recordatione.
291 4213 371 4265 >idem
389 4229 484 4265 sensus
501 4212 605 4265 silentio
624 4228 729 4282 quoqne
749 4209 907 4278 exprimimus.
927 4204 961 4257 cl.
981 4201 1065 4272 Epod.
1086 4200 1128 4263 11,
1141 4196 1168 4248 9.

711 4416 714 4423 1

541 4432 711 4441 *an-..-

111 4580 218 4626 notatos
233 4586 265 4628 ed.
283 4587 443 4636 llillcnbunger.
