3117 5042
741 364 1018 435 cantitavit

575 551 674 618 Sedes
695 549 919 630 Atlanteusque
940 549 1010 611 linis

622 657 815 724 Concutitur.
860 654 956 718 Valet
977 655 1039 718 ima
1058 654 1180 716 summis

439 870 443 878 .
539 813 662 876 Mutare
682 818 716 874 et
733 810 885 891 insignem
906 813 1046 871 attenuat
1066 805 1141 867 deus

538 921 676 985 Obscura
701 935 869 1000 promens3
891 916 963 977 binc
983 914 1101 994 apicem
1124 929 1223 993 rapax

487 1046 516 1090 rr
578 1029 716 1091 Fortuna
736 1045 803 1088 enm
824 1024 959 1086 stridore
978 1030 1070 1084 acuto

625 1132 775 1212 Sustulit,
797 1131 847 1194 bic
865 1131 1005 1212 posuisse
1025 1128 1149 1211 gaudet

708 1505 903 1608 &Carmen
927 1507 1062 1579 XXXV.

544 1679 570 1742 0
594 1678 685 1758 dim,
706 1682 830 1760 gratum
849 1693 929 1758 qnae
947 1675 1034 1758 regis
1056 1674 1195 1752 Antium,

543 1787 696 1851 Praesens
717 1785 768 1848 vel
790 1784 851 1848 imo
872 1784 984 1847 toliere
1004 1782 1163 1865 degrada

348 1972 418 2021 cirea
436 1979 579 2029 masuram,
600 1977 651 2032 qua
671 1963 808 2030 utriusque
825 1977 905 2014 sonus
915 1970 942 2014 et
957 1964 998 2014 vis
1008 1969 1127 2030 augetur,
1145 1960 1237 2012 bomar
1255 1958 1315 2012 Orci
1335 1958 1368 2009 ad
1384 1959 1447 2008 ani·

347 2056 405 2094 mos
423 2038 566 2107 legentium
586 2043 614 2086 et
629 2033 787 2085 audientium
804 2036 910 2101 propius
929 2033 1032 2084 accedit
1058 2064 1092 2074 -
1110 2033 1189 2105 onies]
1209 2030 1236 2083 b.
1254 2046 1280 2081 v.
1299 2045 1358 2080 cnm
1380 2029 1446 2078 inii-

338 2112 430 2166 .nitivo
449 2109 614 2160 coniunctum
632 2120 648 2156 a
667 2106 752 2171 poetis
778 2107 880 2156 transiit
902 2106 928 2155 in
947 2120 1048 2172 prosam
1080 2106 1221 2154 orationem
1247 2110 1306 2168 post
1328 2102 1445 2164 Auprrsti

350 2189 469 2234 nentem.
489 2206 521 2220 -
540 2177 649 2249 opicernj
667 2175 700 2225 oi.
720 2174 805 2227 Germ.
826 2175 871 2232 ΙΙΙ,
888 2177 931 2237 tt,
950 2176 993 2228 20.
1012 2206 1046 2217 -
1065 2192 1122 2225 casm
1139 2175 1250 2225 stridore
1268 2174 1355 2240 acuto]
1379 2169 1446 2220 For-

348 2262 413 2305 tuna
432 2250 501 2302 enim
519 2248 587 2300 alata
606 2254 653 2298 ost.
688 2245 722 2296 ci.
742 2245 826 2296 Carni.
848 2245 893 2309 ΙΙΙ,
911 2247 955 2309 29,
974 2247 1017 2301 53.
1054 2247 1159 2296 Semota
1178 2245 1291 2310 imagine
1310 2243 1448 2308 pertinent

351 2325 418 2375 baec
436 2321 469 2373 ad
485 2328 611 2371 torrorem
627 2323 654 2368 ot
673 2316 817 2380 tumultum,
838 2316 1011 2384 quomodote
1030 2316 1116 2368 soient
1133 2316 1233 2366 subitae
1252 2327 1338 2363 rerum
1356 2321 1448 2362 muta-

352 2397 446 2447 tiones.
483 2390 538 2442 lam
555 2390 577 2441 si
595 2403 705 2456 quaeras
724 2403 775 2455 qua
794 2387 897 2438 taudmn
916 2389 984 2438 inter
1002 2402 1032 2438 se
1050 2389 1151 2437 ratione
1171 2386 1301 2436 coniuncti
1321 2383 1377 2434 sint
1395 2383 1446 2434 lii-

351 2466 467 2532 espiter,
495 2461 578 2524 deus,
606 2458 733 2521 Fortuna3
765 2458 896 2525 Diespiter
921 2466 961 2509 est
977 2473 1072 2509 numen
1089 2459 1202 2508 divinum
1222 2470 1306 2506 rernm
1325 2461 1446 2504 naturam

350 2536 529 2588 administrans
550 2546 583 2582 ex
600 2544 685 2596 eaque
702 2527 915 2596 intelligendum
935 2528 1000 2581 deus
1017 2539 1043 2580 v.
1065 2529 1097 2580 13
1115 2526 1245 2596 generalis
1266 2532 1292 2575 et
1310 2524 1447 2575 individua

351 2603 438 2658 dirius
455 2609 579 2670 potestas,
600 2615 667 2668 qnae
685 2601 712 2650 in
730 2599 844 2651 Fortuna
862 2599 922 2668 qnid
941 2599 1007 2651 velit
1026 2599 1087 2665 quid
1106 2599 1171 2650 nolit
1188 2596 1311 2650 declarat.
1339 2626 1373 2637 -
1401 2613 1446 2645 su-

352 2675 434 2744 otalii]
455 2672 517 2724 vide
532 2671 564 2721 ad
584 2669 668 2721 Germ.
686 2673 707 2734 i,
728 2671 752 2734 1,
770 2668 797 2721 4.
816 2700 850 2713 -
867 2671 972 2742 pandet]
990 2671 1052 2739 quia
1067 2671 1172 2723 arbitrio
1192 2684 1240 2723 suo
1257 2668 1296 2719 sic
1317 2665 1447 2734 indulget.

354 2777 387 2789 -
404 2746 459 2815 irie]
477 2740 539 2794 ride
555 2740 589 2794 ad
606 2737 688 2807 Epod.
707 2742 733 2806 2,
752 2739 798 2790 31.

767 2866 910 2921 German
927 2868 1028 2921 XXXV.

424 2971 454 3027 lu
476 2971 646 3041 concipienda
663 2974 770 3024 nodone
787 2988 819 3024 ac
837 2971 1009 3025 describenda
1027 2978 1158 3041 potestate
1176 2972 1283 3024 deornm
1300 2979 1356 3022 tota
1378 2974 1447 3024 anti-

347 3049 438 3117 ssquitas
456 3059 509 3096 uon
528 3060 605 3097 unam
625 3043 786 3118 eandemque
803 3046 929 3095 rationem
949 3053 1038 3096 secuta
1056 3053 1113 3105 est;
1129 3041 1250 3094 eundem
1269 3043 1347 3095 deum
1367 3043 1446 3094 alium

354 3118 497 3169 formarunt
516 3122 543 3166 et
563 3115 709 3181 cogitarunt
726 3114 831 3181 Graeci,
849 3116 928 3166 alium
945 3115 1072 3180 Romani,
1090 3114 1168 3164 aliurn
1186 3114 1251 3165 adeo
1269 3114 1339 3164 aliae
1358 3113 1447 3165 urbes.

355 3187 427 3239 idem
445 3186 472 3235 in
490 3183 539 3236 dea
556 3184 669 3235 Fortuna
688 3184 790 3236 iactum.
839 3186 920 3250 Quam
945 3191 977 3237 ut
1002 3187 1136 3252 superiore
1156 3187 1270 3236 carmine
1290 3193 1317 3236 et
1336 3185 1384 3246 ili,
1406 3185 1448 3246 29,

353 3254 461 3309 stt-54
476 3254 598 3306 Graecam
617 3255 713 3320 magis,
732 3256 857 3308 incertam
876 3265 902 3307 et
915 3257 1008 3308 alatam
1028 3257 1168 3318 babemus,
1187 3258 1225 3307 sic
1246 3254 1295 3305 boc
1315 3250 1448 3306 Fortunae

353 3327 464 3382 Antiatis
491 3325 509 3375 i.
529 3339 553 3375 e.
576 3339 640 3376 voro
657 3325 764 3377 Latinae
782 3330 854 3379 notio
873 3336 899 3379 et
920 3330 1005 3396 imago
1026 3329 1122 3380 Latinis
1141 3326 1271 3378 coloribus
1290 3325 1448 3377 describitur

354 3405 382 3451 et
399 3395 552 3449 celebratur.
600 3393 671 3446 liaeo
697 3398 765 3447 onim
792 3397 905 3449 Fortuna
931 3400 1020 3450 Antias
1037 3415 1089 3450 non
1110 3400 1184 3468 Τύχη
1204 3404 1253 3461 est,
1274 3412 1327 3447 non
1348 3413 1448 3463 anceps

355 3470 422 3532 dea,
448 3481 501 3518 non
520 3464 626 3517 arbitrio
646 3473 672 3517 et
689 3465 797 3520 libidine
814 3470 869 3537 agit
884 3468 930 3532 (ci.
951 3471 1035 3522 Carm.
1055 3485 1111 3535 sup.
1128 3484 1155 3519 v.
1179 3467 1240 3532 16),
1266 3467 1313 3520 sed
1332 3466 1449 3535 benigna

355 3548 397 3594 est
414 3545 441 3590 st
458 3535 588 3590 benevola
608 3536 751 3605 eademque
770 3542 956 3606 potentissima.
996 3540 1172 3607 Quaecunque
1185 3539 1256 3600 iecit,
1275 3553 1449 3607 quoscunque

356 3612 475 3662 homines
496 3606 566 3658 tollit
584 3615 629 3659 aut
647 3607 751 3674 deficit,
778 3611 805 3661 iu
824 3612 856 3660 iis
874 3613 1056 3662 necessitatem
1074 3610 1187 3678 aliquam
1208 3610 1283 3661 lixam
1303 3618 1330 3660 et
1348 3610 1447 3660 firmam

356 3682 474 3749 sequitur
492 3678 624 3730 hominum
653 3678 729 3732 bouis
756 3680 866 3733 malisve
886 3681 1043 3733 facinoribus
1064 3697 1203 3749 rerumque
1223 3680 1381 3732 condicione
1401 3679 1449 3730 sibi

353 3754 405 3821 ipsi
423 3751 577 3818 impositam.
612 3748 677 3801 Cum
694 3749 808 3818 benigna
826 3752 860 3802 sit
877 3751 934 3814 dea,
955 3753 982 3803 in
1000 3754 1110 3804 nummis
1131 3749 1354 3805 Romanisaltera
1373 3766 1449 3801 mann

356 3824 424 3892 gerit
444 3819 647 3889 gubernaculum
667 3819 749 3872 altera
766 3836 847 3874 cornu
866 3821 965 3889 Copiae
985 3822 1060 3890 (inde
1077 3838 1103 3874 v.
1124 3823 1194 3876 5-8
1215 3823 1281 3874 ruris
1301 3821 1413 3873 colonus
1425 3827 1451 3871 ct

357 3902 464 3958 nautam
483 3906 541 3943 eum
559 3899 643 3944 certas
664 3889 739 3960 leges
757 3901 881 3961 sequatur
898 3895 923 3944 in
943 3893 1125 3945 distribuendis
1136 3892 1351 3959 retrahendisque
1364 3893 1450 3954 donis,

358 3964 427 4030 apud
453 3962 586 4014 Horatium
616 3962 740 4027 (tortasse
758 3980 791 4016 ex
812 3965 924 4032 imagine
943 3964 1053 4033 quadam
1077 3966 1200 4028 Antiana)
1231 3964 1379 4016 Necessitas
1402 3963 1451 4013 dea

359 4049 417 4084 cum
436 4033 505 4083 omni
525 4031 690 4086 devinciendi
711 4041 737 4086 ei
755 4035 903 4087 continendi
921 4043 1046 4104 apparatu
1067 4051 1124 4087 cam
1142 4035 1227 4104 praeit
1256 4039 1297 4102 (v.
1320 4034 1353 4086 17
1368 4039 1450 4101 sqq),

358 4110 501 4170 sequuntur
518 4104 584 4169 Spes
601 4112 629 4156 ot
648 4102 725 4155 Fides
754 4110 794 4173 (r.
814 4109 915 4174 tiso).
968 4106 1039 4158 lianc
1063 4108 1142 4173 igitur
1166 4105 1304 4158 Fortunam
1328 4105 1451 4156 lioratius

358 4176 384 4226 b.
403 4173 420 4223 Ι.
440 4170 568 4236 celebrat,
585 4175 749 4226 occasionem
767 4176 878 4228 tortasse
897 4185 988 4228 nactus
1007 4175 1039 4227 ab
1059 4176 1267 4245 expeditionibus
1285 4192 1350 4245 quas
1369 4176 1452 4227 Octa-

342 4248 449 4298 „rinuus
467 4256 491 4294 a.
510 4243 560 4300 72?
580 4245 607 4295 in
626 4245 783 4297 Britanniam
802 4256 829 4298 et
846 4247 966 4300 Arabiam
982 4247 1088 4315 parabat
1107 4248 1288 4316 (να-29ης.)
1325 4246 1391 4304 ilem
1411 4248 1450 4296 sic

358 4314 483 4375 instituit;
504 4313 586 4378 prima
604 4315 672 4366 enim
688 4316 794 4383 stropha
810 4326 861 4384 „tn,
880 4320 972 4386 inquit,
989 4317 1102 4370 Fortuna
1112 4320 1292 4386 potentissima
1306 4333 1348 4377 es3
1368 4333 1450 4384 qnare

358 4400 448 4440 omnes
477 4381 599 4435 mortales
617 4392 643 4436 te
664 4386 771 4450 timent,
797 4403 924 4455 pauperes
950 4397 978 4440 et
997 4389 1254 4453 diuites,·nntioncs
1274 4397 1301 4439 et
1320 4391 1449 4450 civitates,

357 4455 461 4510 barbari
480 4461 506 4504 et
523 4451 650 4517 nonen,
677 4470 712 4506 ue
728 4472 814 4508 rerum
838 4467 931 4510 statum
957 4475 1009 4528 quo
1035 4467 1107 4512 recte
1126 4460 1176 4512 sibi
1195 4461 1316 4512 videntur
1333 4458 1449 4527 gaudere
