3117 5042
373 411 467 477 uro
490 414 542 477 ιν.
585 412 734 481 casu.
759 418 933 483 ιιι-ιιι.
1063 380 1066 385 ’
1130 424 1193 489 ιιι

521 593 717 673 Carmen
740 598 783 669 X.

199 777 226 838 0
248 773 383 837 erudelis
407 774 507 838 adbuc
527 776 709 857 etVeueris
729 778 905 842 muneribus
925 787 1054 861 potens,

203 884 369 965 insperata
388 891 460 945 tuae
480 901 546 946 eum
569 885 671 946 veniet
686 884 790 966 pluma
810 886 987 968 superbiae,

201 990 242 1052 hit
264 1009 343 1073 quae
366 1009 446 1053 nune
465 991 600 1055 humeris
613 991 779 1055 incolitant
795 993 964 1057 deciderint
981 1014 1095 1075 comae,

202 1099 293 1161 Nune
313 1104 345 1162 et
365 1098 417 1180 qui
437 1100 524 1162 color
548 1105 596 1162 est
619 1101 768 1181 puniceae
787 1100 865 1164 bore
893 1103 981 1183 prior
1002 1122 1094 1168 rosae

170 1221 184 1265 ι
206 1204 344 1268 Mutatus
364 1207 546 1288 ligurinum
569 1206 600 1270 in
623 1207 733 1271 faeiem
753 1209 884 1272 verterit
904 1209 1064 1292 hispidam,

205 1313 314 1391 Dices,
339 1313 408 1393 heu,
428 1315 549 1397 quoties
568 1322 600 1377 te
619 1316 744 1398 spendo
764 1316 880 1380 rideris
901 1317 1052 1385 alterum:

204 1423 293 1496 Quae
312 1439 399 1484 mens
418 1429 466 1483 est
487 1421 596 1502 hodie,
618 1440 674 1487 eur
696 1424 803 1487 eadem
824 1443 886 1488 non
906 1444 1001 1506 puero
1023 1425 1098 1504 fuit,

206 1529 264 1592 Vel
286 1546 342 1593 uir
362 1528 410 1593 his
432 1530 541 1595 animis
561 1531 731 1596 incolumes
753 1514 816 1599 nou
837 1532 968 1598 redeunt
987 1536 1114 1618 genosi

563 1745 736 1760 Ἣ

522 1900 713 1977 Carmen
738 1902 797 1975 Xi.

307 2061 365 2124 hist
386 2062 459 2126 mibi
479 2082 591 2127 nonum
613 2064 791 2147 superantis
811 2085 923 2130 aunum

235 2264 237 2267 v
306 2169 420 2234 Plenus
442 2171 558 2236 Albani
576 2173 688 2251 cadus3
707 2179 755 2236 est
776 2173 809 2238 in
827 2172 941 2255 horto,

548 2348 702 2401 Carmen
723 2347 755 2402 X.

157 2442 345 2509 Argumentum
362 2439 439 2493 huius
456 2443 575 2494 carminis
600 2442 714 2494 breviter
731 2449 819 2509 potest
836 2442 944 2497 indicari
962 2442 1101 2496 hoosersn
1112 2440 1202 2512 Vlr'pi-
1281 2469 1289 2493 t

112 2506 212 2562 iiiBue.
233 2513 260 2573 2,
283 2512 331 2563 17:
359 2510 397 2578 ,0
415 2512 528 2564 lormose
547 2529 629 2580 puer,
645 2515 751 2565 nimium
771 2530 806 2565 no
821 2512 899 2565 crede
917 2514 1025 2567 colori.“
1060 2516 1093 2567 Et
1111 2517 1200 2568 credi-

112 2577 159 2632 bile
176 2591 217 2634 est
236 2581 287 2632 boc
306 2597 408 2633 carmen
428 2585 479 2634 iam
501 2584 595 2636 dudum
624 2586 795 2652 compositum
822 2591 876 2635 tum
899 2583 1001 2637 demum
1023 2601 1039 2637 a
1059 2595 1138 2655 poeto
1167 2603 1201 2639 ex

112 2654 207 2704 seriniis
226 2661 355 2719 sumptum
373 2667 441 2718 esse,
458 2668 517 2706 cunr
536 2654 629 2706 librum
649 2654 718 2706 hunc
735 2654 851 2706 editurus
870 2663 948 2706 esset.
986 2656 1093 2720 Quodsi
1110 2673 1201 2710 verum

114 2725 292 2792 attigerint
312 2738 407 2775 nornen
424 2740 458 2776 ea
474 2725 524 2778 hoe
542 2728 655 2778 carmine
674 2727 701 2777 iu
720 2727 830 2793 primurn
847 2724 923 2778 huius
942 2725 1001 2779 libri
1021 2729 1130 2780 nansiit.

183 2829 292 2882 Veneria
309 2831 465 2896 muneribus]
484 2830 518 2881 ci.
533 2830 607 2881 Hom.
626 2829 656 2882 ll.
675 2828 720 2893 ΙΙΙ,
731 2830 774 2881 54.
793 2861 828 2872 -
845 2830 944 2903 phono}
964 2831 1143 2898 metaphorice
1154 2846 1202 2900 pro

116 2895 242 2967 lanugine,
262 2903 336 2952 cuius
353 2900 475 2952 mollities
494 2901 562 2952 bene
582 2900 632 2952 hoc
650 2901 778 2953 uocabulo
794 2903 953 2968 exprimitur.
981 2901 1115 2953 Nostrates
1124 2918 1202 2969 pror·

116 2983 155 3019 ιιι
170 2971 263 3021 cadem
281 2974 380 3023 ratione
398 2972 487 3023 dicunt
507 2972 615 3036 l'laum,
636 2972 727 3023 Graeci
746 2975 853 3027 πτίλον.
884 3002 919 3015 -
959 2972 1114 3043 deciderint]
1144 2988 1204 3024 nam

117 3040 267 3093 tondebatur
287 3042 374 3093 adulta
394 3051 479 3094 aetate
497 3041 617 3109 capillus,
635 3058 711 3110 quem
734 3045 822 3110 pueri,
841 3043 965 3110 imprimis
990 3043 1114 3107 delicati,
1132 3042 1204 3095 alero

117 3110 238 3163 solebant.
257 3112 291 3162 cl.
312 3116 394 3165 Carm.
417 3115 449 3178 ΙΙ,
461 3115 527 3179 5,21
539 3130 596 3182 sqq.
614 3112 697 3179 Epod.
718 3115 812 3177 11‚28.
834 3145 865 3156 -
887 3113 1025 3196 puniceos}
1044 3128 1202 3182 purpureae,

118 3190 144 3231 ut
158 3184 230 3251 llirg.
250 3183 316 3234 Aen.
335 3183 392 3248 xit,
411 3186 495 3237 ΙΙ-
508 3184 672 3255 tigurinum]
691 3187 863 3237 Accusatirus
878 3184 921 3236 hic
936 3185 1085 3237 acerbitatis
1106 3183 1205 3253 aliquid

117 3250 204 3314 haben
233 3253 314 3305 barba
334 3257 402 3306 enirn
422 3252 519 3306 bellum
543 3263 570 3307 et
590 3253 674 3305 levern
699 3256 848 3322 Ligurinum
872 3271 949 3309 roseo
970 3272 1096 3324 genarum
1116 3256 1205 3308 colore

117 3324 223 3388 privabit
240 3332 268 3375 et
294 3326 422 3391 hispidum
444 3325 542 3377 reddet.
585 3326 701 3377 Praestat
727 3328 807 3393 igitur
825 3329 846 3379 ἰι
865 3342 941 3379 casus
957 3329 1098 3394 vocativo,
1126 3343 1204 3396 quem

116 3392 204 3515 aliihex
224 3394 299 3448 codd.
316 3405 479 3465 receperunt.
502 3427 534 3438 -
551 3396 671 3467 ιΙιιιιιιιι]
693 3406 824 3449 mutatum.
845 3429 880 3441 -
900 3398 1056 3470 biaanimis]
1077 3396 1122 3467 qui
1135 3413 1205 3453 nunt

119 3466 149 3514 mi
167 3466 175 3516 i
193 3474 261 3517 sunt.

549 3554 693 3606 Carmen
712 3555 756 3605 iil.

184 3648 217 3701 lit
236 3648 326 3714 Lyden
341 3648 424 3700 Garun.
442 3647 488 3711 ΙΙΙ,
506 3648 541 3699 28
559 3647 592 3699 ad
608 3647 773 3715 Neptunalia,
794 3649 832 3699 sie
850 3649 876 3700 h.
896 3664 919 3701 c.
937 3647 1083 3715 Phyllidem
1102 3647 1136 3697 ad
1158 3660 1207 3697 co-

121 3715 267 3770 lentandum
288 3719 355 3770 diem
373 3718 484 3770 natalem
501 3719 667 3781 llaeceuatis,
686 3716 746 3769 idus
765 3719 867 3785 Apriles
885 3720 985 3772 invitat.
1021 3718 1143 3769 introitus
1166 3718 1206 3769 si-

120 3789 182 3839 nilia
196 3797 237 3840 est
255 3791 279 3840 ei
299 3805 352 3857 qno
369 3790 544 3842 liaecenatern
563 3797 639 3840 vocat
659 3787 742 3839 Garun.
764 3789 811 3851 ΙΙΙ,
829 3790 872 3841 29.
919 3791 1069 3841 Sententiae
1093 3786 1207 3854 simplici

121 3859 205 3911 ordine
222 3860 384 3927 proceduut3
414 3877 447 3912 ex
465 3860 558 3927 quibus
576 3862 638 3911 satis
658 3862 822 3927 perspicuum
841 3867 882 3910 est
909 3859 1042 3911 Horatium
1061 3873 1094 3909 ex
1110 3856 1207 3912 Sabino

122 3942 165 3980 sno
182 3933 219 3981 sic
237 3931 373 3993 scribere,
403 3930 547 3997 Phyllidem
565 3933 639 3982 annis
660 3929 773 3982 noudum
803 3938 950 3996 provectam
963 3969 971 3994 ,
998 3943 1101 3981 carmen
1123 3929 1208 3995 ipsum

122 3998 227 4054 Ιιιιιιιι
246 4010 308 4052 ante
326 4002 410 4053 editos
428 4010 481 4053 tres
506 4002 585 4053 libros
612 4003 759 4068 superiores
785 4001 954 4068 compositum
975 4016 1051 4063 esso,
1080 3998 1148 4049 haud
1172 4000 1209 4050 ita
1245 4032 1253 4049 .

122 4070 197 4122 multo
215 4081 275 4140 post
293 4072 377 4123 Carnu.
397 4073 429 4137 ll,
443 4073 469 4137 t,
490 4086 558 4123 anuo
578 4073 634 4125 iere
653 4072 712 4126 730.
750 4072 836 4123 Potuit
854 4081 938 4122 tamen
958 4073 1034 4121 etiam
1053 4071 1133 4136 paulo
1150 4076 1210 4137 post

124 4140 203 4194 editos
221 4152 273 4194 tres
291 4144 371 4194 libros
392 4144 457 4195 haec
476 4143 609 4207 scribere,
629 4159 686 4193 euru
708 4145 816 4209 primum
837 4143 1004 4209 epistolarum
1023 4140 1114 4192 librum
1134 4156 1209 4191 conr·

121 4223 226 4276 poneret
243 4224 269 4265 et
288 4217 346 4280 ipse
363 4216 441 4265 vitam
460 4217 581 4265 rusticam
599 4214 712 4265 urbanae
729 4215 755 4264 in
776 4214 832 4264 dies
851 4215 932 4280 magis
954 4213 1087 4279 praeferre
1105 4213 1209 4276 incipe-

122 4291 166 4333 ret.
184 4285 217 4334 ei.
230 4284 310 4352 Epist.
323 4286 343 4347 Ι,
358 4288 396 4336 ll.
435 4285 508 4349 Quae
526 4287 591 4335 ratio
609 4288 651 4335 cni
672 4284 810 4351 placuerit,
830 4285 851 4334 is
871 4284 970 4334 urbano
989 4285 1122 4334 lloratium
1136 4283 1209 4333 blae-

124 4358 204 4405 cenati
222 4356 336 4406 indicare
355 4357 510 4424 suspicetur,
528 4357 581 4408 ruri
600 4371 704 4424 quoque
721 4357 900 4407 scauricorum
914 4370 1053 4405 memorem
1064 4355 1127 4405 satis
1141 4366 1210 4407 esse.

224 4461 252 4512 v.
275 4465 298 4511 t.
334 4460 442 4530 Albani]
476 4460 510 4511 ci.
540 4461 592 4513 Sat.
611 4460 644 4523 ll,
661 4458 687 4524 8,
710 4459 749 4512 16.
793 4459 831 4511 Ex
858 4458 1027 4511 nobilissimis
1052 4457 1102 4508 hoe
1130 4470 1214 4525 genua

127 4528 179 4584 vini
203 4529 262 4599 luit,
291 4530 388 4584 deinde
412 4531 482 4602 qnod
502 4531 592 4584 habuit
616 4538 695 4602 poeta
714 4532 778 4584 saus
800 4540 841 4584 ιιι
860 4539 990 4585 venustum
1008 4544 1040 4581 ιι
1057 4526 1144 4581 mollo
1181 4556 1214 4571 -
