3117 5042
404 412 493 477 biit.
514 414 565 477 iv.
609 412 754 480 ciant.
778 416 829 482 vt.
855 417 921 483 vll.
1133 424 1196 483 243

304 593 407 657 liutet
430 599 517 656 teres
539 593 622 655 vlees
644 601 676 656 et
697 594 908 661 decrescentia
928 598 1014 680 ripas

386 701 527 763 Flumina
548 708 768 781 praetereunt3

273 807 421 872 sGratia
442 827 509 871 cum
532 810 681 891 Nymphis
701 813 891 896 geminisque
913 814 1074 879 sororibus
1106 817 1200 881 audet

386 918 506 979 Ducere
520 919 609 980 nuda
629 917 751 981 cleros.

303 1024 495 1089 Immortalis
513 1044 553 1087 ne
573 1042 682 1107 speres
702 1034 805 1089 monet
825 1040 925 1091 andus
950 1035 981 1091 et
1002 1014 1113 1094 durum

389 1136 477 1208 Quae
497 1136 581 1214 rapit
602 1133 680 1196 bora
703 1135 793 1199 diem.

305 1239 438 1320 Frigore
461 1240 623 1303 mitescunt
646 1240 809 1322 zephyris3
831 1261 886 1307 ver
908 1244 1039 1324 proterit
1060 1251 1165 1310 uestes

255 1362 286 1406 ιο
387 1347 572 1426 interitura,
592 1349 679 1411 simul
1038 1428 1042 1438 .

306 1453 440 1516 Pomiler
463 1461 642 1521 auctumnus
663 1456 772 1537 fruges
790 1450 945 1533 effuderit,
967 1463 998 1519 et
1019 1476 1093 1522 mox

389 1562 503 1626 Bruma
525 1564 658 1626 recurrit
678 1564 771 1627 iners.

302 1668 422 1735 Damus
445 1656 547 1733 tamen
570 1670 687 1733 celeres
708 1678 858 1752 reparant
878 1672 1026 1736 eoelestis
1048 1673 1158 1750 lunae3

387 1779 452 1840 Nos
472 1778 524 1840 ubi
548 1779 734 1857 teudinus,

253 1902 281 1945 rs
302 1888 369 1962 Quo
390 1886 461 1967 pius
480 1885 618 1962 deneas,
642 1906 702 1968 quo
724 1886 812 1950 dives
832 1887 943 1950 Tullus
966 1894 998 1950 et
1022 1888 1146 1967 Ancus,

99 2070 190 2124 neque
211 2057 269 2108 eius
286 2056 355 2109 iilius
376 2058 421 2126 qui
439 2064 500 2109 ente
512 2071 533 2109 a.
545 2073 571 2109 u.
582 2073 605 2109 c.
616 2057 668 2111 709
686 2056 848 2126 iuliispauiu
866 2058 970 2123 oceidit,
989 2058 1097 2111 basiem
1116 2061 1199 2112 iuter-

101 2137 200 2192 pretes,
220 2143 297 2194 quem
313 2128 363 2179 sibi
381 2127 568 2197 lingautulium
580 2128 702 2183 uacuum
718 2129 883 2196 Torquatum.
906 2130 970 2182 Nam
988 2145 1075 2197 neque
1093 2130 1127 2181 de
1145 2132 1198 2183 alio

100 2197 173 2248 illius
192 2197 283 2249 iianlii
313 2199 367 2250 filio
392 2215 479 2266 neque
497 2199 530 2249 de
556 2207 653 2266 nepotc
673 2215 759 2271 ireque
772 2202 883 2251 'omnino
902 2200 934 2253 de
952 2199 1007 2251 ullo
1023 2200 1078 2251 ulio
1097 2217 1129 2252 ex
1147 2203 1197 2257 boo

98 2283 202 2334 genere
225 2269 363 2337 quidquam
384 2270 459 2322 nobis
478 2270 598 2321 traditum
617 2278 664 2321 est.
708 2270 748 2320 ne
769 2285 804 2321 ue
829 2272 851 2321 is
872 2271 975 2339 quidem
1000 2273 1064 2323 satis
1090 2272 1199 2327 idoneus

100 2348 151 2403 est,
169 2356 251 2407 quem
271 2355 304 2391 ex
320 2342 444 2393 Suetonio
462 2343 511 2392 viri
529 2340 597 2391 docti
619 2340 670 2391 huc
687 2340 882 2405 transtulerunt,
903 2341 933 2393 G.
949 2340 1048 2393 Nonius
1059 2344 1198 2408 Asprenas,

100 2409 135 2459 ab
156 2411 281 2478 Augusto
298 2419 390 2480 torque
408 2412 517 2463 donatus
535 2420 562 2462 et
579 2411 699 2479 Torquati
721 2414 877 2477 cognomine
898 2420 1014 2464 ornatus.
1033 2411 1114 2463 liuius
1129 2415 1198 2464 enim

100 2496 190 2547 neque
210 2483 332 2547 pietatem
344 2480 438 2549 'neque
456 2497 539 2549 genus
560 2486 599 2549 (v.
617 2482 664 2549 23)
690 2489 825 2548 tantopere
845 2481 950 2533 laudare
969 2484 1052 2548 potuit
1069 2483 1198 2536 Horatius.

102 2551 294 2607 Abstinendum
314 2554 393 2620 igitur
409 2555 457 2605 erit
476 2554 584 2603 anonis
603 2551 863 2619 investigationibus,
882 2552 932 2603 hoc
955 2560 1042 2603 tameo
1062 2552 1199 2605 dicendum

98 2621 132 2671 ud
152 2622 268 2675 eundem
283 2623 426 2690 Epistolam
444 2623 464 2687 1,
480 2624 496 2676 5
516 2622 599 2691 datam
618 2622 710 2686 videri,
729 2630 815 2689 neque
834 2623 916 2673 luisse
935 2637 994 2674 eum
1016 2623 1145 2684 bominem
1157 2624 1200 2676 di-

100 2694 183 2743 ritem
202 2702 367 2758 stauarum,
392 2693 439 2745 sed
463 2692 570 2744 hilarem
589 2708 620 2743 ac
638 2696 699 2745 satis
718 2692 852 2759 liberalem
871 2693 916 2761 qui
935 2708 1011 2761 quam
1030 2709 1093 2745 vera
1114 2697 1148 2745 sit
1165 2711 1197 2747 ea

101 2766 253 2826 sententia,
271 2780 338 2831 quae
356 2758 389 2815 ab
418 2765 523 2817 llorutio
545 2764 649 2830 ponitur
669 2764 751 2830 Epist.
770 2767 793 2827 1,
812 2765 838 2827 5,
860 2764 910 2827 12,
930 2764 998 2814 bone
1016 2764 1200 2817 intellexisset.

100 2831 229 2885 &nudet
253 2843 338 2885 summ
368 2850 470 2886 carmen
494 2850 539 2887 eas
558 2836 749 2901 cogitationes,
776 2850 840 2903 quas
859 2835 932 2885 verni
954 2837 1079 2900 temporis
1098 2836 1197 2887 reditus

101 2914 199 2969 poetae
219 2905 410 2972 suppeditavit;
434 2913 596 2971 comparatur
618 2904 721 2957 humani
739 2907 844 2973 generis
862 2906 917 2955 vita
936 2918 994 2954 oum
1013 2906 1075 2955 anni
1092 2907 1199 2958 vicissi-

101 2975 202 3027 tudine.
241 2978 308 3027 Anni
328 2984 444 3043 tempora
463 2976 591 3038 redeunt,
609 2978 766 3039 nonullae,
784 2989 852 3043 quae
868 2976 890 3025 si
910 2982 1016 3041 peracta
1034 2983 1073 3027 est
1090 2977 1117 3029 iu
1136 2991 1199 3043 per·

99 3054 210 3111 petuum
229 3047 337 3113 aufugit.
382 3048 406 3098 Α
433 3054 515 3098 morte
541 3061 627 3114 neque
656 3047 763 3098 virtutes
792 3046 909 3096 homiues
926 3043 1084 3111 defendunt,
1111 3061 1199 3115 neque

100 3118 198 3169 amoris
220 3125 264 3167 aut
281 3118 410 3168 amicitias
430 3125 545 3185 potestas
564 3116 691 3168 liberabit
730 3115 820 3171 Simile
838 3123 880 3168 ost
898 3114 982 3167 Carm.
1002 3116 1067 3181 1,o.

174 3221 205 3271 V.
229 3221 252 3271 1.
272 3221 354 3294 uices]
376 3220 485 3273 Pluralis
503 3235 625 3273 numerus
642 3220 732 3272 talium
750 3222 828 3271 etiam
846 3234 935 3271 rerum
950 3227 1106 3287 usurpatur,
1131 3237 1200 3291 quae

101 3304 152 3341 sua
169 3299 263 3342 namra
283 3308 342 3342 eum
360 3307 495 3343 numerum
511 3293 563 3358 pati
585 3307 637 3342 uon
660 3292 794 3354 videntum
825 3298 852 3342 et
879 3304 957 3341 causa
979 3290 1083 3358 quidem
1103 3291 1200 3360 duplex

102 3368 156 3425 est,
174 3364 336 3413 concinnitas
355 3365 480 3414 cretionis
500 3371 526 3411 ct
543 3364 568 3412 in
590 3362 680 3415 eadem
701 3378 730 3413 re
750 3363 866 3413 locorum
888 3360 930 3412 vel
947 3368 1091 3428 temporum
1110 3363 1199 3415 diver-

103 3433 180 3483 sitas.
220 3432 361 3500 Utrumque
380 3433 404 3484 b.
420 3434 441 3483 l.
457 3432 535 3483 valet
564 3432 598 3481 cl.
619 3447 644 3483 v.
664 3433 690 3484 9.
728 3464 763 3474 -
799 3432 902 3505 Gratis]
929 3431 963 3480 ci.
983 3432 1065 3481 Germ.
1085 3432 1106 3495 1,
1125 3434 1151 3496 t,
1172 3433 1199 3485 6.

100 3500 169 3553 'ires
186 3512 247 3554 sunt
266 3504 384 3567 Gratiae,
403 3504 511 3572 Aglaie,
531 3502 721 3569 Euphrosyne,
739 3502 835 3553 Thalia.
861 3530 897 3541 -
921 3501 1001 3571 nodo]
1022 3502 1054 3552 cl.
1073 3502 1158 3555 Curru.
1178 3502 1200 3567 i,

98 3571 148 3636 30,
167 3575 193 3625 5.
213 3573 260 3636 lii,
283 3574 324 3637 19,
346 3575 386 3625 17.
416 3605 451 3616 -
488 3573 593 3656 olmuml
611 3573 672 3622 vide
691 3572 723 3623 ad
743 3572 827 3623 Garun.
846 3570 890 3633 lV,
907 3570 934 3632 i,
952 3572 995 3621 lli.
1020 3601 1056 3614 -
1082 3574 1196 3642 [ripere]

99 3644 370 3695 Animadvertendum
388 3652 507 3712 quattuor
525 3643 643 3694 rensibus
664 3650 784 3710 quattuor
802 3650 918 3707 tempora
934 3640 1055 3692 describi.
1101 3643 1198 3695 Similis

100 3729 193 3765 rerum
213 3714 354 3765 cumulatio
379 3715 570 3781 verborumque
596 3714 709 3764 brevitas
728 3721 899 3763 extremorum
917 3725 1038 3762 uersuum
1057 3718 1097 3762 est
1113 3712 1197 3764 Curru.

99 3783 154 3849 ill,
171 3786 197 3838 6.
220 3815 253 3826 -
271 3787 391 3853 proterit]
415 3787 534 3838 Servavit
552 3783 680 3851 particula
697 3798 746 3853 pro
767 3798 838 3833 suam
858 3788 1033 3846 potestatem,
1050 3796 1137 3851 neque
1157 3791 1197 3845 est

100 3855 278 3923 nicosiensi,
298 3856 344 3907 sed
362 3857 436 3927 pellit
452 3864 481 3907 ut
501 3856 697 3923 progrediatur,
717 3862 745 3904 ut
762 3853 875 3904 festinet.
913 3849 988 3914 Quod
1007 3853 1137 3917 quomodo
1155 3854 1197 3904 di-

101 3933 178 3976 ctum
197 3928 230 3977 sit
251 3935 361 3994 upseta
390 3935 417 3978 ut
445 3926 595 3993 intelligas,
627 3928 714 3992 cogita
731 3931 813 3975 rotem
831 3929 959 3987 perpetuo
976 3930 1046 3972 motu
1065 3925 1196 3992 aptatam.

100 3995 172 4047 Inde
189 3997 316 4048 vocabula
333 4000 462 4065 proterit,
483 3999 638 4061 interitura,
657 3996 773 4047 recurrit.
811 3992 886 4057 Quod
904 3991 948 4042 ulii
968 3989 1064 4043 habent
1081 4003 1199 4048 recurret

99 4081 139 4116 ex
160 4067 236 4117 nimiu
254 4075 281 4118 et
306 4067 416 4119 molesta
436 4067 572 4136 diligentia
597 4068 687 4118 nescio
712 4067 786 4117 cuius
806 4065 907 4117 scribae
932 4070 1047 4114 exortum
1074 4074 1122 4117 est.
1162 4096 1198 4110 ..-

98 4138 187 4207 iners}
205 4138 239 4187 ci.
263 4138 347 4190 earn.
368 4139 401 4204 lt,
423 4140 449 4205 9,
468 4140 492 4192 5.
530 4139 621 4191 llieme
640 4140 709 4188 euim
728 4136 793 4188 nibil
812 4141 972 4204 procreatur.
990 4163 1025 4175 --
1046 4133 1195 4207 decidimus]

98 4207 191 4273 Epist.
209 4207 242 4272 ll,
265 4212 288 4273 1,
307 4210 350 4261 36.

186 4294 213 4344 V.
235 4296 274 4347 15.
302 4296 362 4364 pius
382 4295 495 4365 Aeneas]
515 4293 567 4345 Alii
582 4302 659 4362 poter
676 4293 773 4362 legunt.
806 4292 947 4360 Utrumque
966 4291 1036 4359 apud
1054 4291 1199 4359 Virgilium.

97 4362 195 4415 Picus
212 4371 297 4416 tamen
317 4366 424 4416 Aeneae
443 4368 548 4432 propria
568 4365 694 4432 quaedum
721 4365 802 4413 virtus
828 4370 882 4426 est,
912 4370 1038 4430 perpetuu
1055 4364 1112 4414 eius
1130 4361 1199 4429 apud

98 4433 236 4486 Romanos
256 4451 354 4487 comes.
381 4436 518 4487 Praeterea
537 4436 660 4486 iluetuant
680 4433 784 4484 codices
802 4435 869 4485 inter
893 4434 977 4485 tetus
996 4434 1066 4484 dices
1085 4442 1111 4484 ct
1131 4435 1200 4485 dices

104 4502 205 4555 reuss.
240 4507 291 4560 Sed
312 4508 363 4558 nisi
381 4509 421 4558 iis
442 4507 569 4575 quaedem
588 4507 657 4557 inest
674 4505 853 4569 incdicctivo,
872 4504 1023 4573 quidpoeta
1036 4502 1136 4556 'lullu'm
1151 4505 1199 4555 huc
1225 4540 1232 4555 .
