3117 5042
306 549 394 629 (Sat.
416 550 440 625 l,
461 553 553 627 dal.
596 546 1120 631 carn.11‚eo‚o.lcoaotorts⁸)
1142 552 1255 635 exiguo
1278 573 1403 620 munere

307 657 512 741 tangebatur,
532 674 622 740 quum
643 665 757 739 quanto
778 658 903 742 ingenio
924 661 1004 723 tilius
1025 660 1183 741 praedius
1206 669 1288 725 esset
1310 665 1402 727 intel·

306 765 437 830 lenisset
459 783 559 847 nequo
576 766 685 829 melius
699 785 734 829 se
746 786 842 848 puero
865 768 1073 831 consulturum
1090 770 1251 848 iudicaret,
1272 772 1403 853 quamsi

308 874 397 940 bonis
414 874 527 937 litteris
549 874 746 937 erudiendum
766 874 856 945 bonis
872 874 1031 957 magistris
1044 893 1111 938 eum
1131 877 1279 953 traderet,
1299 879 1401 940 Venu-

306 982 404 1053 sinam
425 981 529 1045 ludum
551 981 751 1065 Flaviumque
769 983 977 1066 magistrum,
998 1001 1085 1065 quem
1108 984 1222 1065 „pueri
1244 985 1402 1065 magnius

305 1090 533 1155 centurionibus
554 1088 636 1152 orti“
657 1089 793 1171 adibant,
815 1091 934 1173 sprevit
955 1098 986 1153 et
1008 1091 1133 1155 vendito
1155 1093 1260 1174 agello
1272 1091 1399 1154 Romam

271 1193 280 1202 ’
304 1195 538 1281 demigrarat).
581 1194 627 1259 lbi
649 1195 744 1258 tilium
767 1213 804 1259 ea
825 1196 946 1259 ratione
961 1196 1175 1263 instituendum
1189 1196 1318 1273 curarit,
1338 1213 1399 1277 qua

303 1307 401 1371 nobili
421 1306 491 1368 loco
513 1303 579 1367 nati
598 1303 687 1385 pueri
709 1302 827 1366 institui
850 1305 1010 1381 solebant;
1031 1324 1101 1368 nam
1120 1314 1151 1368 et
1166 1288 1326 1367 servorum
1343 1322 1397 1364 ve·

304 1415 575 1494 alimentorumque
599 1396 754 1492 apparatu
775 1411 821 1474 ita
841 1428 907 1474 eum
929 1412 1091 1490 instruxit,
1118 1417 1152 1474 ut
1180 1411 1232 1494 qui
1255 1412 1396 1474 viderent

304 1540 433 1608 puerum
453 1519 616 1601 locupletis
637 1517 768 1581 bominis
789 1519 885 1583 tilium
904 1520 1052 1583 deberent
1061 1520 1184 1597 babere,
1210 1526 1242 1581 et
1263 1520 1338 1602 ipse,
1359 1538 1398 1583 ne

302 1629 420 1693 rustica
441 1645 558 1691 morum
579 1627 743 1707 integritas
763 1627 972 1710 candidasque
993 1627 1086 1691 animi
1117 1628 1243 1692 babitus
1275 1628 1398 1692 urbana

302 1737 459 1820 pravitate
479 1734 677 1816 pessimisque
694 1734 843 1816 exemplis
866 1735 975 1818 ubique
996 1734 1097 1799 obviis
1124 1736 1237 1797 sensim
1258 1753 1398 1799 comum-

300 1847 426 1926 p'eretur
446 1847 570 1921 „custos
591 1840 872 1921 incorruptissimus
900 1861 1004 1904 omnes
1031 1843 1145 1906 circum
1175 1843 1318 1917 doctores
1341 1844 1398 1907 ad·

299 1953 397 2015 orat“.
439 1951 547 2033 ltaque
568 1966 656 2030 quum
679 1966 755 2029 puer
780 1950 1048 2030 grammaticorum
1070 1946 1230 2029 scholam)
1253 1952 1396 2033 trequen-

209 2076 214 2081 ·
300 2064 384 2121 taret
413 2063 446 2119 et
477 2055 636 2136 utriusque
665 2055 792 2138 linguae
818 2057 984 2139 scriptores
1004 2066 1036 2119 et
1054 2064 1182 2138 poetas,
1217 2077 1257 2122 ex
1288 2059 1397 2141 quibus

299 2165 449 2230 Homerus
472 2170 504 2225 et
523 2161 628 2225 bivios
648 2161 843 2225 Andronicus
869 2164 1067 2227 nominantur
1094 2164 1208 2246 (Epist.
1230 2167 1268 2247 ll,
1292 2173 1319 2247 1,
1340 2173 1393 2231 69.

301 2279 333 2355 2,
353 2272 431 2352 att),
452 2271 590 2353 legeret,
614 2276 705 2351 pater
727 2269 794 2351 ipse
813 2289 930 2334 morum
952 2279 1021 2336 erat
1040 2273 1191 2354 magister
1211 2281 1241 2336 et
1261 2274 1395 2356 diligen·

300 2384 434 2446 dssinms
466 2385 497 2441 et
524 2376 777 2459 sapientissimus.
828 2378 969 2462 Egregia
997 2380 1077 2444 euim
1107 2399 1204 2466 neque
1225 2383 1301 2445 satis
1323 2383 1391 2447 lau-

298 2491 402 2554 danda
423 2487 560 2552 libertini
591 2485 723 2550 bominis
754 2486 813 2549 tuit
840 2484 871 2549 in
893 2488 958 2551 tilio
981 2488 1137 2552 educando
1159 2491 1327 2571 sapientia,
1359 2497 1393 2553 ut

299 2597 404 2661 rudem
426 2595 519 2656 talem
551 2591 700 2654 bominem
731 2590 991 2677 humanitatisque
1019 2604 1176 2675 expertem
1211 2599 1305 2660 tuisse
1338 2599 1392 2661 vix

298 2705 354 2768 tibi
376 2699 556 2784 persuaderi
575 2697 715 2780 patiaris.
771 2698 829 2775 Qui
858 2719 946 2763 omne
977 2722 1062 2765 suurn
1093 2705 1186 2767 otium
1215 2724 1393 2788 omnemque

297 2828 362 2875 rem
385 2809 417 2871 in
440 2802 607 2867 erudiendo
629 2802 694 2865 tilio
724 2803 913 2884 collocaret,
946 2807 999 2887 qui
1029 2810 1160 2891 optimus
1191 2814 1393 2896 paedagogus

297 2918 408 3000 ubique
431 2915 496 2996 ipse
516 2910 649 2987 adesset,
673 2907 727 2991 qui
748 2910 820 2991 quid
840 2913 954 2974 malum
976 2915 1047 2995 quid
1069 2917 1179 2981 bonum
1202 2921 1273 3002 quid
1286 2929 1400 3003 peteo--

297 3026 367 3089 dnm
389 3024 459 3106 quid
483 3018 659 3103 fugiendum
680 3016 889 3098 exemplorum
922 3021 1061 3100 magui)
1093 3027 1280 3091 auctoritate
1301 3046 1391 3110 quam

351 3156 380 3248 b)
401 3158 453 3234 'sat
474 3179 495 3244 l,
513 3181 539 3244 u,
559 3180 604 3235 86.
641 3178 781 3231 Coactum
798 3193 846 3246 pro
864 3180 1060 3247 publicanorum
1078 3188 1245 3242 societatibus
1267 3193 1391 3258 pecunias
1471 3224 1477 3231 ·

397 3251 554 3319 exipebout3
573 3253 777 3318 argentariorum
796 3252 872 3303 etiarn
892 3258 1044 3308 mercenarii
1062 3268 1142 3312 erant

259 3392 264 3399 .
351 3348 381 3415 6)
399 3348 452 3400 δεῖ.
470 3344 636 3414 l,tl,72sqq.
672 3342 776 3411 Triplex
794 3346 820 3396 iu
836 3345 884 3397 hac
901 3364 930 3400 re
952 3358 1020 3404 mota
1038 3361 1078 3404 est
1097 3356 1186 3406 avinis
1206 3356 1288 3409 doctis
1307 3373 1390 3425 quae·

399 3419 457 3474 etto.
494 3418 533 3468 Ao
552 3417 660 3483 primum
680 3415 784 3482 quidem
802 3419 942 3483 quaeritur,
962 3437 1014 3489 quo
1033 3437 1100 3476 anno
1120 3425 1239 3477 Horatius
1257 3444 1321 3495 puer
1336 3429 1391 3479 llo·

394 3502 462 3539 nrum
482 3486 573 3541 ductus
592 3486 710 3537 rideatur
730 3500 746 3536 a
764 3494 855 3552 patra:
886 3490 955 3556 quud
981 3492 1086 3561 quidem
1106 3512 1259 3564 quamquam
1276 3501 1340 3549 certi
1361 3500 1389 3551 in

395 3565 447 3609 um
455 3557 539 3609 dubiis
551 3556 652 3608 indiciis
672 3555 766 3626 (Epist.
777 3557 810 3620 ll,
824 3561 846 3619 1,
860 3560 902 3612 70.
923 3561 988 3625 list,
1002 3564 1051 3635 it)
1070 3566 1133 3616 nibil
1154 3577 1240 3634 potest
1258 3570 1390 3634 offirmari,

289 3666 291 3670 -
399 3627 533 3698 probabile
551 3637 636 3679 tamen
655 3636 695 3678 est
714 3626 809 3679 factum
830 3644 888 3680 esse
908 3646 931 3682 aa
952 3633 1004 3685 700
1025 3634 1066 3685 rel
1085 3636 1145 3699 701,
1165 3654 1242 3705 quum
1263 3639 1389 3690 duodeci-

395 3715 464 3752 mum
484 3700 575 3750 aetatis
594 3714 688 3750 aunum
708 3698 765 3765 ipse
788 3709 886 3765 ageret.
931 3702 1032 3755 Deinde
1049 3716 1109 3757 sunt
1126 3710 1169 3775 qui
1189 3708 1302 3776 agellum
1320 3725 1387 3761 reu-

397 3771 478 3841 ditum
497 3786 512 3820 a
531 3778 604 3836 patre
623 3775 728 3835 nogent,
748 3770 815 3820 inter
833 3768 958 3823 bellorum
980 3775 1095 3828 ciuilium
1114 3778 1200 3830 turbas
1216 3782 1387 3847 proscriptio·

393 3841 469 3892 nibus
490 3841 595 3892 Horatio
615 3847 730 3906 ereptum
749 3839 895 3905 atlanteum
926 3842 989 3896 dicit
1016 3848 1084 3897 enirn
1110 3849 1167 3915 ipse
1195 3859 1254 3916 post
1272 3867 1384 3918 pugnam

394 3911 587 3979 Philippensem
606 3925 635 3961 so
661 3925 746 3981 neque
773 3909 876 3962 domum
902 3928 988 3981 neque
1009 3916 1114 3969 fundum
1132 3921 1158 3970 iu
1176 3920 1249 3972 ltalia
1265 3921 1387 3974 babuisse

393 3982 488 4052 (Epist.
508 3982 543 4046 li,
560 3984 586 4046 2,
605 3981 669 4048 50);
693 3979 740 4031 sed
760 3994 848 4032 errare
872 3983 889 4032 ii
911 3985 1038 4040 videnlur.
1074 3987 1136 4040 Tum
1153 3990 1185 4041 de
1204 3990 1254 4042 boc
1274 4009 1386 4060 quoqne,

394 4061 477 4104 utrum
496 4062 568 4121 pater
585 4052 681 4103 iloratii
704 4052 832 4102 coactoris
850 4069 956 4106 munere
975 4058 1104 4110 Venusiae
1125 4060 1218 4127 solum,
1236 4078 1268 4113 an
1290 4063 1386 4115 Romnae

397 4122 490 4189 solum,
506 4139 538 4174 on
558 4123 688 4175 Venusiae
707 4128 734 4172 et
752 4122 849 4173 Romae
870 4123 1034 4194 iuncturam,
1055 4139 1183 4194 certatur;
1208 4134 1310 4184 tertium
1331 4136 1385 4185 reri

399 4192 502 4244 ridetur
518 4192 684 4246 simillimum.

347 4286 376 4357 7)
393 4284 627 4426 ξέἰῇτπίιιιηιῗιίοὲεί
643 4302 721 4340 unum
742 4288 856 4340 nominat
876 4288 1000 4343 Orbilium
1024 4289 1150 4365 Popilium
1168 4295 1389 4369 beneventanum,

471 4399 475 4409 ,
522 4397 530 4423 ,
568 4397 577 4423 ,
632 4396 639 4410 .

349 4455 380 4522 8)
398 4455 451 4511 Sat.
473 4453 494 4521 l,
515 4454 541 4519 ὃ,
562 4455 597 4507 80
610 4469 667 4523 sqq.
