3117 5042
337 386 392 428 vm
724 367 1025 434 PRAEFATIO.

337 546 544 624 bendorum
567 548 828 622 vocabulorum
855 551 1035 623 rationem
1060 575 1233 650 sequerer
1255 579 1365 653 quam
1391 557 1420 628 si

336 698 503 773 Horatius
528 699 604 797 ipse
628 711 664 769 et
678 700 847 796 aequales
866 698 1057 796 quomodo
1077 702 1302 799 scripsissent
1318 707 1421 800 anxie

336 849 588 945 investigarem
615 847 728 944 inque
752 848 955 943 periculum
981 873 1002 920 a
1025 849 1118 921 reris
1147 850 1340 925 aberrandi
1365 852 1422 924 in·

336 996 504 1069 consulto
533 993 745 1068 inciderem.
797 995 872 1069 lam
886 1011 927 1068 ut
941 995 987 1070 de
1000 1000 1273 1073 commentariis
1292 1000 1424 1095 dicam,

335 1147 385 1218 ita
409 1170 487 1218 rem
514 1146 674 1240 institui,
713 1159 754 1217 ut
787 1147 983 1244 praemissa
1008 1149 1109 1221 brevi
1134 1164 1335 1224 metrorum
1362 1177 1423 1222 er·

334 1297 519 1393 positione
548 1335 593 1346 -
617 1296 655 1367 in
690 1320 762 1392 qua
799 1295 966 1369 ordinem
1005 1295 1235 1378 aSchnitzio
1270 1301 1358 1372 olim
1385 1301 1424 1371 in

336 1459 604 1542 programmate
627 1446 805 1545 gymnasii
834 1447 1041 1519 Monasterii
1063 1448 1239 1520 Eissiensis
1264 1446 1439 1521 dilucide-

336 1596 567 1694 propositum
593 1621 715 1669 meum
743 1595 812 1668 feei
832 1634 878 1647 -
901 1597 1049 1697 singulis
1070 1599 1292 1671 carminibus
1319 1621 1424 1696 argu·

335 1757 457 1816 menta
482 1769 746 1842 praeponerem
773 1746 812 1817 in
836 1746 955 1842 iisque
979 1745 1128 1818 uberius
1150 1770 1261 1843 quam
1283 1745 1324 1819 id
1340 1742 1420 1816 fieri

332 1897 426 1968 solet
446 1896 485 1967 in
508 1894 617 1967 huius
646 1893 751 1967 modi
778 1893 1004 1969 editionibus
1029 1908 1066 1966 et
1089 1908 1257 1992 tempora
1281 1909 1319 1967 et
1342 1894 1424 1966 loca

332 2044 596 2139 describerem,
624 2043 671 2115 de
696 2068 839 2117 summa
864 2045 1069 2117 carminum
1094 2046 1272 2118 sententia
1298 2041 1426 2140 inqui-

331 2216 475 2287 rerem,
500 2206 620 2290 partes
645 2192 878 2265 ostenderem
886 2193 904 2288 ,'
931 2206 1045 2265 totam
1071 2193 1232 2291 denique
1258 2216 1425 2267 oecono-

332 2344 445 2415 miam
470 2342 583 2415 modo
610 2356 776 2415 accurate
801 2368 1023 2441 exponerem
1049 2341 1163 2416 modo
1200 2369 1284 2415 cum
1308 2342 1423 2415 totius

333 2493 455 2590 operis
489 2507 677 2591 angustum
713 2493 870 2590 spatium
909 2492 1094 2564 brevitatis
1132 2489 1291 2564 studium
1327 2485 1421 2560 mihi

332 2641 552 2737 imponeret,
574 2614 753 2714 universe
769 2639 981 2714 indicarem.
1032 2639 1073 2712 ln
1089 2665 1163 2738 qua
1182 2665 1221 2712 re
1235 2640 1310 2712 boc
1324 2661 1423 2735 quo-

331 2815 405 2888 quc
430 2803 572 2862 secutus
597 2814 691 2883 sum,
715 2803 756 2861 ut
781 2789 933 2863 oonsilio
952 2794 1095 2887 'poetae
1122 2791 1307 2888 explorato
1331 2810 1424 2858 con-

331 2939 589 3035 venientiaque
613 2939 834 3036 singularum
860 2939 1063 3011 carminum
1089 2939 1246 3036 partium
1272 2946 1418 3033 reperta

332 3093 435 3165 malis
450 3115 544 3188 quac
559 3088 673 3161 bodie
691 3086 859 3161 audimus
876 3086 924 3158 de
934 3087 1070 3159 Horatii
1086 3087 1308 3159 carminibus
1325 3081 1422 3156 iudi·

333 3239 397 3311 ciis
414 3261 642 3310 occurrerem
669 3249 879 3333 quantaque
897 3235 1099 3308 Venusinus
1119 3249 1228 3333 poeta
1254 3237 1291 3307 in
1305 3254 1421 3327 expo-

331 3388 463 3461 liendis
488 3389 708 3460 carminibus
721 3411 807 3459 usus
827 3400 921 3458 esset
937 3412 1022 3459 cura
1033 3400 1069 3458 et
1082 3400 1157 3459 arte
1171 3385 1285 3486 digito
1311 3405 1421 3457 mon-

331 3552 494 3610 strarem.
552 3536 699 3633 Magnus
725 3537 825 3607 enirn
851 3535 1021 3607 carminis
1047 3535 1269 3610 conficiendi
1295 3530 1422 3608 artifex

333 3690 400 3763 suit
425 3687 610 3782 Horatius3
637 3710 862 3783 quamquam
889 3687 1015 3759 omnia
1040 3688 1117 3759 eius
1141 3700 1313 3784 poemata
1340 3677 1419 3778 pari

332 3835 439 3908 laude
464 3833 572 3933 digna
604 3857 680 3905 esse
715 3834 797 3931 quis
829 3835 973 3907 sobrius
1005 3834 1132 3907 dicati
1165 3835 1355 3908 -Plurima
1381 3825 1420 3895 in

332 3984 392 4057 bis
412 3986 518 4056 rebus
543 3983 662 4056 debeo
689 3982 908 4055 doctissimis
931 3985 1016 4057 viris
1042 3985 1106 4081 qui
1134 3984 1344 4082 nuperrime
1370 3970 1419 4044 de

332 4130 480 4202 Horatio
514 4133 753 4230 scripserunt,
794 4130 980 4228 obberto,
1017 4133 1177 4229 Orellio,
1215 4133 1420 4211 Dantem,

334 4274 773 4374 lurchnero‚Lubke'1-o‚
801 4282 986 4369 Iocobsio,
1012 4283 1272 4375 Grotefendio,
1295 4276 1419 4349 Fran-

333 4429 415 4522 lu‘o,
448 4429 546 4524 aliis3
580 4453 736 4524 quorum
770 4431 920 4503 nomina
945 4456 1012 4525 ne,
1050 4432 1264 4529 ubicunque
1290 4439 1420 4496 corum
