3117 5042
433 424 658 492 udsn'rli
681 427 929 492 renutet.
1153 434 1219 496 58³

212 606 658 688 serenissimum
678 629 796 693 pauper
817 618 848 674 et
871 613 958 676 exsul
979 619 1106 697 uterque

215 713 344 778 proiicit
363 716 516 797 ampullas
536 723 568 779 et
589 718 818 799 sesquipedalia
840 719 947 797 verba,
972 761 975 766 »

211 820 248 884 si
272 829 363 886 cumt
384 841 440 886 our
461 824 632 905 spectantis
654 826 795 907 tetigisse
815 825 953 908 querela.

214 930 284 992 Nou
305 931 384 1001 satis
404 937 453 994 est
473 931 605 1014 pulebrn
625 951 695 995 esse
717 941 885 1015 peculatu
905 935 1009 999 dulcis
1031 942 1122 1000 sante

149 1052 195 1097 tm
215 1036 257 1099 ut
279 1054 458 1122 quoeunque
479 1041 586 1104 volem
607 1040 739 1105 animun
761 1042 913 1106 auditoris
935 1051 1063 1124 ιςιιιιιι.

212 1144 253 1206 tlt
271 1145 443 1210 ridentibus
463 1147 619 1226 arrident,
641 1149 686 1212 ita
704 1147 851 1214 ilentibus
874 1150 990 1214 adsunt

213 1252 495 1333 llnrunni'vultus3
515 1256 616 1320 aivis
636 1274 685 1344 me
703 1256 796 1337 llere,
814 1258 979 1321 dolendum
1001 1266 1050 1321 est

219 1359 356 1442 Primum
375 1360 434 1444 ipsi
457 1362 531 1440 tibi3
556 1370 629 1428 tune
651 1370 705 1428 tua
724 1384 773 1429 nne
794 1364 965 1429 infortunia
987 1364 1123 1444 laedent,

213 1467 353 1549 Telephe
375 1467 423 1532 vel
436 1470 557 1535 -Peleur
578 1472 659 1536 male
679 1472 707 1536 si
730 1472 878 1538 mandata
901 1472 1047 1555 loqueris,

149 1591 195 1635 tet
215 1573 277 1636 Διιι
296 1575 469 1642 dormitabo
491 1584 546 1640 aut
564 1578 681 1644 ridebo.
724 1578 846 1644 Tristia
866 1586 1013 1656 moutam

212 1683 337 1746 Vultum
360 1685 603 1764 verba-decent,
623 1687 737 1752 iratum
757 1687 851 1770 plena
874 1687 1035 1768 mineum
1107 1726 1111 1732 -

213 1791 384 1856 ludentem
403 1794 541 1874 laseim
562 1813 704 1859 seuerum
722 1796 807 1859 seria
828 1795 922 1859 dictu,

213 1898 341 1962 Ferunt
364 1900 444 1965 enirn
464 1909 578 1968 natura
599 1903 685 1984 prius
705 1921 763 1966 nos
786 1903 870 1967 iutns
892 1902 934 1967 ad
955 1920 1075 1965 omnem

217 2005 422 2071 Fortunarum
443 2008 600 2087 lubitum
621 2010 708 2100 iuqat
728 2018 784 2078 eut
804 2010 934 2094 impelllt
954 2010 994 2074 ad
1017 2009 1095 2073 man
1122 2045 1132 2052 —

154 2130 200 2174 ιιο
218 2112 282 2176 Ant
302 2114 343 2178 ad
365 2116 487 2179 burnan
509 2135 650 2182 moerore
670 2118 764 2200 gravi
784 2103 906 2181 ddunt
929 2125 963 2182 et
978 2117 1114 2199 augin·

216 2219 290 2286 Post
311 2221 398 2287 ellert
420 2225 513 2288 animi
525 2232 633 2310 ,mulus
654 2228 824 2307 interprete
845 2227 965 2309 lingna

190 2330 252 2394 ‘Si
273 2332 403 2396 dicentis
423 2340 513 2396 eruut
534 2335 675 2397 inmunis*
692 2335 812 2397 absona
833 2334 934 2414 dieta,
1022 2387 1025 2392 .

215 2440 346 2503 Ιιιιιιιιιί
370 2442 483 2516 tollent
500 2441 629 2525 equites
642 2442 820 2526 peditesque
833 2440 1033 2505 cachinnum.

214 2535 361 2611 intererit
381 2541 660 2627 multum'diuuene
679 2549 825 2632 loquatur
845 2568 886 2613 aa
907 2548 1011 2628 beros,

154 2672 200 2717 ns
220 2655 402 2721 llatuurusne
422 2674 519 2722 senex
539 2667 581 2720 nu
603 2657 705 2721 adbuc
724 2657 856 2721 llorente
874 2656 1002 2721 iuventa

130 2861 245 2928 castigat
262 2859 398 2928 prodigum
419 2860 500 2914 lilium
517 2819 764 2930 Clitiphonem-⁴·
801 2862 922 2933 Telepltns
942 2870 966 2914 et
985 2859 1086 2984 Pelesqq
1110 2861 1225 2927 tragicae
1335 2899 1346 2922 ,

129 2946 271 2999 personne.
309 2927 440 3011 Telephus
458 2932 578 2985 llerculis
596 2933 664 2986 lilius
681 2933 731 2986 luit
752 2933 881 3002 eudage,
899 2932 960 2986 Alei
981 2932 1044 2996 fllia,
1089 2933 1161 2997 ysiae
1179 2947 1225 2982 re-

129 3004 183 3072 gis.
221 3002 268 3069 „lli
285 3002 363 3078 umbo
381 3003 600 3070 regeslneruut,
627 3006 671 3073 qui
692 3004 794 3056 arnissis
817 3006 905 3073 regnis
931 3004 964 3055 ad
987 3010 1083 3054 mutam
1112 3002 1225 3069 inopiam

127 3075 304 3137 devenerant,
324 3081 352 3123 ut
371 3072 475 3126 emulos
494 3073 554 3144 iacti
576 3075 745 3128 mendicando
756 3075 806 3126 sibi
817 3075 990 3143 undecunque
1007 3075 1105 3132 victum
1116 3074 1226 3141 conqui-

128 3153 236 3208 rerent,
259 3144 361 3195 omissis
382 3144 469 3195 verbis
487 3144 627 3213 grandibus
645 3154 672 3197 ιι
688 3148 794 3213 ιιςίἰνι
822 3148 918 3212 Comen.
937 3147 1015 3213 Crnq.
1044 3176 1078 3188 -
1104 3145 1223 3215 proiicit]

127 3216 247 3282 respuit,
265 3230 318 3266 nou
337 3217 424 3280 utitur.
447 3245 478 3256 -
499 3215 636 3284 ombus]
656 3217 691 3268 ci.
711 3217 793 3284 Epist.
811 3218 832 3283 l,
849 3217 876 3282 3,
898 3215 944 3280 14;
962 3216 1130 3268 decretione
1151 3217 1228 3266 nimis

127 3294 231 3340 ornata.
263 3285 361 3340 Graece
382 3289 547 3351 ληκυθιζειν.
565 3317 599 3331 -
621 3288 708 3340 dulcio
724 3290 808 3362 eunte}
828 3288 937 3340 Accedit
954 3290 1131 3355 interpretatio
1151 3287 1226 3338 buius

126 3355 255 3410 vocabuli
276 3358 423 3425 insequenti
445 3371 538 3422 versn3
557 3373 616 3408 nam
629 3359 711 3411 dulcis
724 3375 784 3411 unc.
801 3368 940 3428 cognatum
949 3358 1051 3413 videtur
1060 3373 1118 3410 cum
1132 3371 1228 3424 graeco

123 3433 254 3499 θέλγειν.
274 3458 310 3469 -
343 3428 472 3517 arrident]
499 3428 605 3479 Aristnt.
626 3428 730 3481 Rhetor.
752 3429 800 3495 ΙΙΙ,
817 3433 849 3484 7:
877 3435 1129 3500 „obrepeneeuoednt
1146 3428 1226 3480 dett

124 3499 244 3554 ἀκούων
263 3497 305 3570 τῷ,
320 3503 481 3564 παθητικως
502 3500 813 3565 Mysum-seems»
825 3503 904 3574 serio]
925 3501 1016 3554 Severi
1034 3498 1154 3570 dicuutur
1171 3497 1228 3549 lere

125 3586 236 3639 semper
256 3569 385 3633 homines,
402 3572 487 3620 sermo
507 3583 558 3618 res.
808 3569 813 3576 “

202 3665 234 3717 v.
253 3661 316 3718 113.
336 3665 433 3731 equites
450 3664 607 3732 peditesque]
628 3663 765 3713 universus
784 3661 906 3730 populns,
924 3660 1223 3729 neapolitanum.

129 3767 164 3779 ·-
176 3735 297 3805 dimne]
319 3734 363 3786 Sic
373 3734 543 3801 antiquissimi
563 3733 667 3784 codices
678 3741 707 3784 ιι
720 3731 818 3784 Comen.
837 3731 925 3800 Grnq„
943 3732 987 3783 alii
1006 3733 1103 3797 Deam,
1120 3740 1227 3800 propter

126 3822 208 3874 quem
228 3815 321 3872 postea
339 3805 416 3855 beree
434 3813 543 3855 mutatus
562 3813 603 3855 est
632 3805 658 3854 iu
680 3802 775 3854 instruens⁴
813 3802 853 3872 Eu·
866 3812 937 3854 recte
955 3802 1058 3871 quidem
1080 3805 1128 3853 iam
1148 3803 1229 3854 loros

126 3878 161 3929 de
183 3877 289 3929 Neres:
317 3874 461 3943 „Gradatim
481 3876 603 3926 Horatius
622 3889 792 3941 personarum
804 3872 966 3926 ,diuisionem
985 3877 1012 3930 in
1031 3873 1126 3924 tabulis
1144 3875 1227 3925 intru-

127 3946 310 4004 duoendarnm
330 3953 471 4010 enumerat,
488 3961 556 4013 quae
577 3960 610 3997 ex
628 3944 770 3996 substantia
789 3954 833 3995 aut
845 3945 950 3997 diuinae
969 3953 1082 3997 suntaut
1093 3944 1228 3995 hnmanae.

124 4019 265 4072 Huiusnne
284 4033 374 4069 rursus
396 4015 517 4068 dilleinut
533 4025 577 4067 eut
594 4024 689 4080 aetate,
708 4023 736 4067 ut
754 4030 835 4067 senex
853 4031 868 4066 a
887 4018 991 4080 iuvene,
1007 4024 1052 4067 aut
1071 4016 1182 4079 fortuna,
1199 4022 1229 4065 ut

128 4106 145 4142 a
169 4088 282 4141 Colcho
292 4088 432 4153 Assyrius,
464 4095 507 4137 aut
524 4089 607 4153 patrie
628 4096 656 4138 ut
676 4103 690 4137 a
707 4086 830 4138 Thebano
847 4087 984 4153 Argivus«
1021 4085 1121 4138 Deinde
1140 4086 1229 4137 Dones

128 4163 250 4214 comicus
271 4158 375 4210 alienus
395 4166 435 4212 est
455 4159 521 4209 luter
539 4158 653 4226 reliquas
673 4161 785 4225 tragicas
804 4172 944 4223 personas,
962 4172 1048 4225 neque
1068 4156 1170 4208 facilior
1188 4156 1230 4206 le·

127 4234 186 4283 etio
206 4230 288 4283 facile
307 4230 442 4288 transisset
460 4230 486 4279 in
506 4228 688 4281 difficiliorem.
725 4229 758 4280 llt
773 4228 946 4280 diliertetiaus
960 4229 985 4278 iu
996 4229 1101 4279 Graecis
1122 4229 1229 4278 deorum

126 4315 219 4355 sermo
239 4317 256 4353 a
274 4313 395 4352 sermone
413 4298 538 4362 beroum;
556 4300 589 4351 de
607 4315 698 4367 qnare
710 4298 839 4350 Orellius:
858 4298 981 4365 „Quippe
991 4297 1040 4362 illi,
1058 4299 1151 4367 iuquit,
1167 4312 1230 4365 prae

126 4390 160 4425 se
180 4373 271 4426 lerunt
289 4372 380 4422 nescio
400 4370 460 4437 quid
480 4370 636 4422 sublimioris
656 4371 770 4437 spiritus,
789 4369 848 4436 plus
869 4386 945 4438 quam
959 4371 1070 4432 huunani,
1090 4382 1229 4420 sareane-

126 4445 221 4509 lestis,
235 4443 336 4511 qnippe
354 4443 397 4508 qni
417 4456 514 4492 summa
532 4440 719 4510 tranquillitate
738 4455 769 4492 ac
789 4440 948 4492 beatitudine
967 4440 1150 4510 perfruantur,
1168 4437 1230 4491 dim

123 4515 174 4569 uel
197 4521 322 4569 aestuant
338 4507 381 4564 uel
407 4511 552 4564 mortalium
568 4513 742 4581 aegrimoniis
765 4510 892 4580 malitque
909 4511 1088 4564 conflictantur
1107 4510 1231 4564 uem«
