3117 5042
443 454 534 518 btlt.
557 454 580 517 Ι.
626 453 736 517 SdT.
758 457 797 517 X.

162 639 229 700 Non
253 635 464 707 ridet'versus
484 634 571 717 dont
586 634 745 716 gravitate
764 634 914 714 minores,

117 762 144 805 st
163 743 238 809 Cum
260 744 299 806 de
318 761 354 806 se
375 743 511 827 loquitur
533 761 595 806 non
614 749 648 806 ut
669 742 787 806 maiore
808 741 985 824 reprensisl

162 851 241 929 cult
266 857 352 914 vetet
375 858 408 914 et
428 858 550 914 nosmet
569 849 668 912 Lucili
689 849 806 932 scripte
827 851 968 932 legentes

167 962 345 1038 Quaerere,
370 977 441 1021 uum
463 958 558 1035 illius,
579 977 649 1022 num
673 974 776 1021 rerum
797 948 876 1020 dure
896 959 1022 1041 negorit

166 1067 344 1129 Versiculos
366 1073 478 1130 nature
499 1066 601 1149 magis
623 1067 723 1128 lnctoa
744 1070 776 1127 ct
795 1072 901 1128 euntes

163 1174 290 1237 dlollius
308 1174 350 1238 'ac
370 1175 397 1237 si
418 1173 486 1256 quis
510 1173 638 1255 pedibus
659 1173 732 1255 quid
756 1174 901 1236 claudere
922 1174 1015 1251 senis,
1036 1226 1044 1238 .

118 1283 231 1344 uilloc
250 1286 367 1344 mulum
392 1287 574 1360 contentus,
595 1289 680 1345 emet
701 1280 863 1361 scripsisse
884 1280 1030 1347 ducentos

165 1390 247 1453 Ante
267 1389 367 1452 cibum
391 1406 522 1466 reram,
546 1388 673 1451 totidem
694 1394 862 1463 coenatus3
884 1388 1008 1453 Etrusci

165 1497 265 1573 Quale
287 1496 345 1559 luit
366 1495 455 1559 Cassi
477 1496 587 1577 rapido
609 1495 780 1558 ferventius
803 1497 887 1567 omni

166 1604 347 1686 ingenium,
370 1605 473 1685 capsis
493 1622 582 1686 quem
603 1605 686 1668 inmo
707 1610 755 1666 est
779 1621 849 1665 esse
868 1603 1026 1687 librisque,

165 1711 346 1775 Ambustum
366 1710 520 1793 propriis„
553 1711 661 1774 Fuerit
684 1709 838 1789 Lucilius,
858 1711 1003 1794 inquam,

119 1832 149 1881 ts
168 1818 273 1882 Cumis
294 1824 325 1880 et
343 1819 497 1896 urbanus,
518 1819 614 1881 luerit
636 1818 772 1881 limatior
791 1803 888 1881 idem.

166 1930 265 2003 Οιιιιιι
282 1925 368 1989 rudis
391 1932 422 1988 et
441 1926 572 1989 Graecis
593 1926 702 1988 intecti
723 1926 868 1989 carminis
887 1932 996 1989 auctor

102 2026 105 2029 ’
168 2036 325 2116 Quemque
338 2040 507 2115 poe'tsrum
526 2033 680 2096 seniorum
699 2033 808 2111 tnrbe;
830 2033 977 2114 aedille,

172 2141 208 2203 Si
230 2143 318 2203 toret
333 2141 392 2203 boc
414 2146 552 2203 comtum
574 2142 640 2203 into
660 2140 775 2203 dilatus
791 2139 823 2202 in
844 2159 971 2220 aevum,

89 2318 145 2368 nice
164 2321 287 2385 positum.
306 2349 336 2363 ·-
362 2320 427 2384 Aren
448 2320 477 2370 t.
499 2321 583 2370 Attius
602 2327 677 2371 nutus
698 2310 766 2374 eju.
787 2318 817 2371 ct'
830 2319 900 2384 584,
917 2321 1107 2389 tragoediarum
1125 2338 1175 2374 no-

89 2386 226 2441 bilissimus
245 2391 364 2457 scriptor.
400 2391 482 2457 Epist.
504 2390 580 2455 ll,1,
601 2391 645 2443 56.
681 2390 721 2441 De
737 2390 823 2441 Ennio
842 2390 902 2440 vide
926 2391 958 2442 ad
984 2391 1067 2443 Germ.
1086 2390 1129 2457 111,
1148 2394 1176 2457 8,

89 2457 129 2509 111.
150 2490 181 2502 -
209 2462 307 2511 motare
325 2462 465 2531 repressis]
487 2459 602 2511 Lucilius
621 2462 669 2511 etsi
689 2461 716 2511 in
733 2461 851 2521 Attioct
871 2460 955 2513 Ennio
974 2476 1041 2529 quee
1059 2461 1108 2513 sibi
1122 2478 1176 2514 non

89 2527 221 2593 placerent
240 2530 464 2597 reprehendebat,
490 2538 575 2581 tamen
596 2546 625 2581 se
643 2530 809 2596 reprehensis
831 2532 955 2582 maiorem
974 2546 1025 2584 non
1043 2531 1176 2599 gloriabu-

90 2606 134 2649 tur.
173 2600 244 2651 idem
263 2602 341 2668 igitur
359 2601 546 2668 desoquuquc
567 2600 732 2652 iudicandum
754 2601 791 2651 ait
811 2599 941 2651 Horatius.
964 2633 996 2645 -
1015 2618 1077 2653 num
1092 2602 1187 2726 illias}

90 2668 140 2720 lloc
160 2673 300 2737 quaeritur,
320 2679 403 2723 utrum
420 2673 541 2723 carminis
560 2686 592 2722 nn
610 2671 702 2725 Lucilii
721 2679 813 2722 natura
831 2671 927 2723 iactum
941 2672 974 2724 sit
991 2680 1019 2723 ut
1031 2674 1162 2729 versiculo

88 2746 134 2790 tam
155 2740 237 2792 duros
255 2756 399 2809 pumurque
416 2741 511 2809 politos
530 2741 631 2792 lecerit.
666 2742 743 2800 ,luter
766 2758 796 2792 ae
821 2750 985 2809 opponuntur
1008 2742 1075 2795 duae
1094 2746 1178 2811 purti-

90 2810 163 2862 culae
181 2828 260 2876 using
286 2828 373 2880 neque
391 2814 417 2863 iu
436 2814 467 2864 iia
486 2811 625 2879 quidquam
643 2812 711 2863 inest
730 2813 1003 2879 negationis‚·utpotc
1024 2815 1052 2878 in
1071 2814 1178 2883 obliqua

88 2881 298 2949 interrogatione.
333 2882 393 2934 vide
411 2883 548 2949 Zumpt.§
576 2882 628 2934 351
643 2882 686 2937 liu.
732 2881 833 2934 Deinde
858 2899 892 2933 ne
909 2883 1061 2950 simpliciter
1079 2883 1179 2936 diceret

88 2952 225 3004 versicolor
245 2963 333 3010 euntes
351 2953 453 3005 mollior
470 2969 547 3020 puoto
565 2970 638 3015 suos,
659 2953 725 3003 bunc
747 2962 844 3019 purtem
866 2970 942 3020 quom
958 2971 1016 3010 snos
1034 2954 1113 3005 simili
1133 2970 1179 3005 re-

90 3024 158 3073 tione
178 3023 295 3075 dilatavit
312 3039 342 3075 ac
360 3024 497 3090 descripsit
515 3039 566 3091 qua
586 3024 638 3076 Sat.
658 3023 678 3088 l,
696 3025 723 3082 4,
732 3022 757 3075 9.
796 3021 847 3074 lam
863 3024 929 3075 nibil
948 3025 1064 3075 ollendes
1084 3027 1110 3076 in
1127 3025 1177 3079 ltoc

90 3092 158 3157 loco,
178 3110 236 3145 curn
255 3094 336 3147 verba
355 3095 539 3156 docleatem,
561 3094 659 3160 quippo
679 3107 746 3160 quae
764 3089 881 3159 proxime
899 3095 1098 3160 praecedentem
1113 3111 1178 3148 seu-

88 3167 192 3216 tentiam
210 3174 337 3232 rcpetant,
355 3164 542 3233 quodammodo
564 3162 695 3214 abundare
713 3163 883 3223 intellexeris.
920 3165 1000 3217 Simul
1015 3182 1078 3218 vero
1095 3165 1179 3231 vides,

87 3244 181 3301 quanta
200 3235 239 3286 iris
258 3235 350 3295 additis
372 3235 483 3287 accedat
497 3236 538 3289 vis
560 3233 645 3285 verbis
662 3235 768 3302 pedibus
788 3236 848 3302 qnid
866 3234 987 3289 claudere
1005 3238 1094 3302 renir3
1119 3253 1178 3289 nam

88 3304 134 3356 boc
156 3305 261 3372 quidem
282 3307 414 3356 minimum
435 3304 562 3373 estquod
580 3319 671 3355 curare
690 3304 785 3355 debent
802 3314 897 3373 poeta·

164 3409 194 3462 lb
214 3406 256 3460 61.
295 3408 402 3461 Etrusci
420 3408 504 3480 Curti}
526 3408 651 3459 Diversus
670 3407 712 3458 hic
731 3424 746 3459 e
762 3408 1013 3463 CassioParmcusi.
1049 3411 1131 3478 Epist.
1154 3411 1175 3476 1,

85 3478 110 3539 b,
126 3477 153 3528 3.
190 3478 238 3530 llic
257 3481 335 3546 igitur
351 3479 474 3530 Etruscus
495 3478 621 3544 permulta
640 3480 762 3544 scripsit,
795 3482 830 3530 ita
855 3490 883 3532 ut
910 3481 1077 3532 festinatione
1095 3495 1178 3548 prope

83 3548 240 3601 ardesceret.
277 3550 330 3601 laur
347 3566 406 3603 cum
429 3551 519 3600 nescio
546 3563 598 3615 quo
616 3562 678 3598 casu
698 3563 790 3615 magna
811 3552 867 3601 eius
886 3550 1008 3602 librorum
1027 3559 1054 3601 et
1072 3551 1178 3603 ebertu-

85 3635 138 3670 mm
160 3618 298 3672 multitudo
318 3621 426 3672 ilumeris
448 3622 629 3686 corriperetur,
648 3625 677 3667 nt
695 3619 752 3683 ipso
769 3619 885 3687 undique
904 3619 976 3671 lilerio
996 3628 1023 3671 et
1038 3623 1100 3687 igue
1122 3622 1176 3673 cir·

83 3698 237 3741 cumventus
254 3692 335 3742 vitum
355 3698 587 3757 representaret,
613 3687 734 3749 malevoli
754 3689 856 3756 quidem
876 3689 1005 3741 derisores
1026 3691 1110 3756 ipsum
1128 3706 1176 3742 suo

86 3759 190 3831 fervore
214 3760 294 3812 libros
312 3761 462 3813 incendisse
480 3760 578 3812 urbane
595 3758 765 3811 ullirmubant
801 3760 828 3811 si
844 3762 981 3826 pauciores
1003 3761 1181 3813 eiuslnissent

84 3829 154 3891 libri,
172 3830 238 3895 nibil
261 3831 322 3884 inde
341 3832 436 3882 lactum
455 3841 525 3883 esset
542 3829 662 3898 periculi.
697 3829 760 3881 Eam
781 3838 843 3895 puto
856 3845 915 3897 esse
930 3830 1071 3896 snmomde
1085 3833 1176 3882 Cassio

86 3901 255 3969 divulgatum,
274 3918 325 3969 qua
345 3910 441 3953 certam
459 3901 572 3969 aliquam
591 3916 644 3952 rem
663 3900 805 3968 significari
820 3900 883 3951 nihil
897 3906 1054 3967 potestesse
1072 3901 1177 3961 clarius.

85 3970 153 4023 lllud
172 3982 260 4023 eutem
277 3972 347 4044 quod
364 3971 526 4025 scholiastae
545 3971 655 4034 trudunt,
675 3971 765 4022 Cossio
779 3979 880 4022 mortuo
891 3972 1042 4023 decrevisse
1051 3981 1181 4038 senatum,

84 4052 112 4093 ut
131 4043 190 4093 libri
211 4059 269 4094 cum
289 4037 417 4095 cnduvere
437 4042 655 4106 comburerentur,
674 4041 811 4093 ridiculum
826 4051 866 4093 est
884 4043 1041 4108 ipsorumex
1059 4042 1180 4094 hocloco

84 4122 268 4165 commentum.
303 4114 455 4166 Amburitnr
476 4114 520 4180 qui
538 4112 644 4163 llumuris
666 4112 779 4180 undique
798 4114 899 4163 cinctus
916 4114 1011 4175 uritur3
1038 4129 1124 4180 neque
1141 4121 1182 4165 est

83 4186 264 4235 necessmium
283 4200 342 4236 eum
360 4185 423 4251 igno
441 4182 517 4236 simul
534 4184 628 4249 perire.
656 4183 690 4238 ci.
710 4183 763 4234 Cic.
782 4182 834 4235 blil.
848 4183 934 4245 5,12;
953 4198 988 4234 ac
1003 4186 1108 4250 saepius
1122 4199 1180 4235 sm-

83 4253 141 4305 buri
161 4254 283 4306 dicuntur
301 4257 345 4322 qni
369 4254 477 4306 luliuine
495 4258 555 4305 tecti
576 4268 628 4304 non
646 4262 780 4305 necantur.
793 4283 826 4295 -
846 4254 953 4305 Graecis
970 4256 1063 4306 intacti
1080 4256 1181 4305 coroti-

82 4326 250 4396 m'afnuctor]
282 4323 448 4387 Concedam,
479 4326 563 4392 inquit
582 4324 723 4384 llorutius,
752 4323 863 4375 libenter
880 4323 1007 4377 Lucilium
1025 4325 1179 4376 limatiorem

81 4394 167 4446 luisse
185 4411 262 4465 quum
289 4395 322 4446 ab
350 4396 454 4449 bomine
480 4397 522 4463 qui
553 4409 636 4462 genus
663 4394 768 4461 aliquod
787 4395 918 4461 poeticum
936 4395 1000 4446 rude
1019 4395 1182 4447 edbucetn

80 4464 192 4517 Graecis
210 4469 337 4533 intectum
356 4469 453 4534 primus
474 4475 574 4517 tentare
596 4464 699 4528 undeet,
719 4467 864 4531 exspectari
882 4468 965 4532 possit
992 4497 1025 4507 -
1045 4474 1187 4534 poetarum·

78 4538 223 4608 cerebrum]
245 4537 311 4589 tivit
329 4537 479 4602 Andronici,
499 4535 545 4588 Gn.
565 4534 665 4601 licerii,
684 4535 798 4600 Pacuvii,
816 4537 879 4588 Attii
908 4535 995 4602 Ennii,
1011 4536 1128 4589 aliorum.
1145 4566 1179 4578 ·-
