3117 5042
387 428 451 486 548
861 418 1014 482 htsshtt

471 604 624 669 caedibus
644 610 676 666 et
698 606 780 666 victu
803 603 894 665 ieedo
914 600 1065 664 deterruit
1085 599 1234 680 Orpheus,

469 713 576 776 Dictus
597 713 636 775 ob
658 712 716 775 hoc
735 711 835 775 lenire
858 711 957 793 tigres
978 708 1163 791 rabidosque
1184 707 1299 770 leones
1345 709 1348 714 '

469 822 574 885 ltictus
596 827 628 883 et
647 820 817 902 Amphion,
840 819 1009 882 Thebanae
1030 817 1171 879 conditor
1191 815 1288 889 urbia,

408 946 453 994 aut
473 930 562 993 Sara
582 947 707 992 movere
726 948 804 991 seno
826 927 987 991 testudinis
1006 936 1037 988 et
1062 943 1155 1008 prece
1178 924 1295 987 blanda

468 1040 589 1102 Ducere
610 1057 669 1121 quo
691 1038 795 1102 vellet.
838 1037 909 1100 rma
929 1035 1006 1109 haec
1026 1033 1180 1115 sapientia
1201 1032 1371 1115 quondam,

357 1200 364 1218 ,
470 1146 595 1209 Publica
616 1145 750 1228 privatis
771 1163 948 1221 secernere,
969 1162 1062 1207 sacra
1081 1140 1231 1224 profanis,

468 1253 637 1318 Concubitu
657 1253 821 1336 prohibere
842 1272 944 1335 rago,
964 1252 1041 1315 dare
1062 1251 1131 1313 iura
1152 1249 1281 1322 maritis,

471 1362 593 1445 Oppida
613 1363 733 1439 moliri,
754 1364 842 1444 leges
863 1360 1000 1424 incidere
1022 1359 1127 1452 ligno:

405 1490 450 1534 cn
471 1470 525 1533 Sic
546 1471 646 1534 horror
665 1478 697 1533 et
716 1489 826 1534 nomen
847 1469 961 1531 divinis
980 1468 1102 1531 vatibus
1122 1474 1215 1548 atquc

468 1579 662 1643 Carminibus
683 1580 776 1642 venit.
822 1579 896 1641 Post
915 1577 971 1641 hes
990 1576 1124 1657 insignis
1146 1575 1307 1650 Homerus,

469 1690 684 1769 Tyrtaeusque
708 1705 810 1751 mares
833 1686 952 1749 animos
972 1687 1004 1748 in
1027 1686 1143 1748 lilartia
1166 1684 1250 1747 bella

473 1795 621 1858 Versibus
640 1797 779 1874 exacuit;
803 1796 904 1858 dictae
927 1812 983 1877 per
1006 1793 1146 1856 carmina
1168 1799 1280 1867 sortes,

470 1903 510 1965 m
533 1902 617 1965 vitae
640 1910 813 1966 monstrata
835 1901 887 1965 via
908 1909 965 1980 est,
986 1908 1018 1963 et
1042 1901 1148 1982 gratia
1168 1918 1279 1982 regum

408 2029 453 2073 cos
474 2011 582 2074 Pieriis
605 2017 726 2074 tentata
744 2012 862 2089 merlis,
885 2010 1033 2092 ludusque
1056 2015 1197 2090 repertus

471 2120 512 2183 lta
531 2121 694 2201 longorum
714 2138 839 2202 operum
861 2117 950 2182 linis:
973 2137 1012 2180 ne
1034 2120 1117 2181 iorte
1139 2117 1254 2200 pudori

470 2230 521 2293 Sit
539 2230 595 2294 tibi
615 2230 703 2292 Musa
725 2231 814 2306 lyrae
835 2229 948 2291 sollers
968 2234 1000 2289 et
1021 2234 1132 2289 cautor
1153 2227 1276 2307 Apollo.

475 2339 597 2402 Nature
617 2339 704 2401 heret
726 2336 882 2400 laudabile
903 2355 1027 2399 carmen
1049 2355 1089 2398 an
1111 2343 1179 2398 arte

470 2447 647 2523 Quaesitum
671 2452 739 2521 est3
763 2464 822 2526 ego
844 2463 900 2507 nec
920 2444 1052 2532 studium
1074 2443 1140 2506 sine
1164 2442 1259 2506 divite
1280 2460 1375 2527 rena,

409 2572 455 2616 oro
475 2556 538 2617 Nec
558 2554 635 2616 rude
655 2553 725 2636 quid
746 2552 845 2634 possit
865 2552 955 2615 video
977 2551 1148 2634 ingenium:
1160 2547 1298 2617 'alterim
1320 2552 1367 2614 sic

471 2662 581 2725 Altera
604 2662 702 2744 pascit
722 2681 810 2743 opem
828 2679 879 2722 res
902 2666 933 2722 et
953 2661 1095 2724 coniurat
1118 2660 1224 2723 amice.
1344 2728 1347 2733 ,

474 2769 531 2847 Qui
553 2770 655 2832 studet
674 2776 811 2851 optatam
831 2787 923 2836 cursu
942 2768 1124 2850 contingere
1144 2773 1266 2846 metam
1314 2818 1316 2820 .

473 2876 572 2941 blulta
594 2877 665 2940 tulit
685 2878 819 2960 lecitque
842 2894 938 2962 puer,
962 2874 1087 2940 sudavit
1106 2882 1138 2942 et
1158 2874 1243 2950 alsit,

473 2985 628 3048 Abstinuit
649 2992 813 3048 senescet
836 2984 926 3060 viuo;
949 2984 1000 3067 qui
1021 2983 1133 3060 Pythia
1153 2989 1260 3046 cantat

410 3111 455 3155 ors
473 3094 622 3168 Tibicen,
644 3093 750 3156 didicit
772 3093 858 3174 prius
881 3092 1080 3176 extimuitque
1099 3090 1298 3175 magistrum,

475 3203 560 3296 Nunc
581 3202 659 3265 satis
682 3210 729 3262 est
749 3200 882 3264 dixisse:
903 3201 972 3283 Ege
993 3201 1071 3264 mira
1094 3208 1236 3282 poemata
1255 3219 1380 3282 pauge;

392 3380 532 3470 »Ὀρφεὺς
549 3387 604 3457 μὲν
625 3379 682 3457 γὰρ
705 3387 816 3444 πελειάς
837 3391 865 3440 θ’
886 3389 954 3460 ἡμῖν
976 3386 1234 3458 κᾳιέδειξεῑφόνων
1250 3390 1274 3438 r'
1294 3385 1478 3452 suspectae*

394 3491 428 3503 -
446 3468 516 3511 coctu
533 3458 618 3527 [cedo]
639 3458 735 3524 „instar
753 3458 890 3520 terarum.i
910 3461 1005 3510 Comen.
1026 3459 1104 3524 Craq⁴
1124 3489 1156 3511 -.-
1175 3457 1314 3530 Amphion]
1336 3456 1420 3509 carn.
1439 3454 1479 3516 ΙΙΙ,

397 3533 484 3595 11‚2.
517 3529 599 3596 Epist
618 3529 639 3594 Ι,
658 3528 700 3590 18,
721 3528 764 3579 ΙΙ.
797 3562 831 3574 -
865 3530 944 3599 urbia]
964 3530 1007 3581 Sic
1028 3545 1061 3579 ex
1078 3529 1230 3584 auctoritate
1249 3530 1481 3595 antiquissimum

395 3601 521 3655 ecdicum.
557 3600 645 3652 Altera
664 3599 743 3652 lectio
763 3602 834 3652 arcis
851 3601 1113 3668 ex'interpretatiouo
1133 3614 1222 3651 ceram
1241 3607 1296 3649 orta
1310 3599 1424 3663 videtur,
1442 3597 1481 3666 qri

394 3675 560 3726 horatianum
577 3671 731 3722 vccabulum
751 3672 895 3723 accuratius
915 3670 1015 3722 vellent
1031 3669 1147 3732 delinire
1167 3704 1203 3714 -
1229 3670 1337 3744 blanda]
1359 3668 1481 3731 euml,

394 3745 439 3809 et,
459 3743 498 3796 13.
518 3773 551 3786 -
569 3742 650 3812 liqna]
674 3743 779 3806 „Aeneis
799 3744 868 3794 enirn
885 3741 980 3794 tabulis
1001 3743 1099 3809 antiqui
1116 3757 1168 3792 non
1188 3750 1247 3792 sunt
1264 3743 1320 3805 usi,
1342 3742 1389 3793 sed
1407 3742 1481 3792 rebe-

399 3817 451 3867 reis
469 3815 516 3866 has
544 3813 692 3864 incidebant
718 3814 810 3881 leges,
838 3812 906 3864 unde
924 3804 1007 3865 adhuc
1028 3813 1139 3864 Athenis
1158 3812 1244 3880 legum
1264 3812 1370 3864 mulae
1389 3815 1482 3876 ἄξονες

396 3893 547 3938 uocantur.“
565 3884 715 3952 Porphyris
727 3914 761 3925 -
776 3885 906 3957 Tartareas]
925 3885 1163 3951 Atheniensis,lqui
1181 3886 1314 3951 Spartanis
1327 3887 1353 3936 in
1374 3883 1483 3935 mede

396 3957 469 4009 bello
490 3957 618 4007 Messenio
636 3954 687 4006 dur
708 3957 800 4006 missus
827 3994 842 4021 „
854 3957 966 4024 carmina
991 3955 1115 4007 exercitari
1136 3970 1182 4022 pre
1200 3957 1329 4006 concione
1348 3957 1481 4014 recitarit3

397 4026 537 4096 inquibus
559 4026 718 4077 hortamenta
736 4028 852 4088 uirtutis,
872 4027 1021 4078 damnorum
1041 4026 1141 4090 sulaha,
1159 4026 1222 4077 belli
1238 4027 1350 4078 consilia
1369 4027 1480 4078 coneni-

398 4104 510 4167 peerat“
527 4097 616 4149 lustin.
635 4096 680 4160 ΙΙΙ,
697 4099 721 4150 h.
750 4127 784 4139 -
817 4103 908 4167 sortes}
933 4097 1040 4158 oracula
1056 4095 1191 4164 Delphica.
1225 4129 1258 4139 -
1295 4100 1366 4149 citae
1385 4098 1482 4166 ciaqin

399 4167 553 4221 carminibus
572 4167 734 4220 didascalicis
755 4167 867 4233 Selenis,
886 4168 1052 4237 Theognidis,
1070 4167 1186 4220 aliorum.
1218 4199 1251 4210 «-
1277 4172 1368 4237 qratia
1385 4172 1480 4238 regn]

400 4241 535 4303 Hieronis,
552 4238 691 4300 Theronis,
708 4238 817 4290 alierum
838 4241 981 4308 principum
1001 4241 1117 4306 quaesita
1136 4240 1225 4305 lyricis
1244 4240 1405 4292 carminibus
1426 4241 1482 4293 ri·-

400 4312 465 4374 dari,
483 4310 630 4375 Simonidis,
647 4310 817 4377 Bacchylidis.
834 4342 868 4353 —
884 4310 967 4380 ludus]
990 4327 1037 4378 per
1054 4313 1185 4362 scenicam
1202 4314 1302 4378 poesin.
1317 4342 1350 4352 —
1367 4329 1419 4364 sec
1432 4321 1481 4363 ris·

400 4384 479 4453 dmm}
498 4382 531 4432 ci.
543 4381 597 4433 Cic.
616 4380 693 4434 hrch.
712 4382 738 4445 Ι,
757 4383 798 4434 15.
810 4413 842 4425 -
864 4385 994 4455 coniurat}
1013 4384 1116 4449 poetice
1134 4382 1167 4434 de
1184 4382 1261 4435 rebus
1279 4384 1436 4434 inanimatis.
1453 4411 1484 4424 -

399 4457 502 4520 metam]
521 4451 603 4503 carm.
624 4453 644 4513 l,
664 4452 729 4515 1‚t.
778 4452 904 4518 Exemplo
924 4454 1012 4506 utitur,
1024 4452 1171 4519 palaestrae
1195 4463 1223 4505 et
1242 4455 1303 4505 artis
1322 4457 1440 4505 musicae
1456 4451 1484 4503 cd

402 4521 773 4575 mundandmnuecessitatem
783 4522 880 4576 laberis
890 4533 916 4576 et
927 4526 1168 4577 exercitationis-
1182 4542 1253 4578 nanc
1260 4528 1325 4578 emir
1337 4531 1387 4597 ert}
1410 4526 1483 4592 ,Scit
