3117 5042
454 411 544 478 ΙιΙΒ.
565 413 617 476 W·
660 413 806 479 UARM.
827 416 864 479 V.

326 596 401 672 Quis
423 595 696 679 Germanis'quus
709 596 839 661 burrida
863 599 997 680 partum

326 704 421 768 Fetus
440 703 585 768 incolumi
606 704 765 769 Caesarei
786 706 855 787 puis
873 709 960 772 ierac

411 812 528 875 bellurn
549 819 637 876 curet
657 812 823 877 Hiberiae?

326 970 438 1032 Condit
451 970 579 1052 quisque
599 969 679 1032 dien
701 970 833 1034 cultibus
854 971 886 1035 iu
906 972 971 1036 sais

273 1095 304 1140 su
323 1077 362 1140 Et
384 1078 476 1141 vitem
500 1077 612 1142 viduas
635 1078 719 1140 derit
738 1079 780 1141 ed
798 1079 945 1155 arboren

328 1187 406 1251 iliae
426 1185 466 1248 ad
488 1185 563 1250 riua
585 1185 667 1251 redit
687 1186 790 1250 laetus
812 1194 844 1250 et
861 1189 971 1253 atteris

407 1296 455 1357 'l'e
474 1293 587 1365 mensis
610 1293 737 1358 sdbibet
756 1295 862 1372 deum

324 1452 371 1513 'l'e
391 1451 490 1514 nubs
511 1468 613 1532 prece,
636 1457 668 1513 te
688 1451 885 1534 prosequitur
904 1468 990 1516 meru

325 1558 441 1621 iteiusu
463 1559 582 1640 pateris
604 1567 635 1621 et
656 1558 789 1622 baribtss
811 1567 895 1623 tuum

270 1683 299 1727 ss
319 1667 429 1729 Miscet
450 1668 630 1740 nummati
650 1667 786 1731 Graecia
808 1666 953 1732 Gestaris

407 1775 448 1838 Bt
469 1775 576 1858 ungui
593 1793 714 1839 ⁴rseruer
732 1775 884 1840 Herculis.
910 1764 916 1777 '

326 1933 453 2014 burgas
474 1952 494 1996 n
517 1932 652 2009 utinam,
680 1933 744 1997 dux
763 1933 862 2012 bene,
883 1934 980 1997 iuriae

322 2041 465 2103 Praestes
485 2042 668 2123 Hesperiae:
692 2040 820 2105 dicimus
841 2042 964 2126 integre

173 2232 177 2241 Ι
323 2149 608 2229 sustinuissetis,
632 2149 761 2214 dicimus
785 2149 892 2230 uvidi,
991 2158 998 2169 “

268 2273 299 2318 eo
403 2255 479 2321 Gan
499 2258 548 2321 sut
571 2277 689 2323 oceane
710 2257 867 2322 subest.-

188 2462 220 2514 V.
242 2460 287 2513 26.
303 2463 418 2530 parturit
434 2464 513 2533 [uss]
532 2461 566 2516 ci.
586 2462 669 2530 Epud.
690 2461 732 2526 16,
743 2463 768 2516 7.
805 2462 915 2530 Scripsit
932 2462 965 2513 de
982 2461 1008 2512 b.
1026 2459 1044 2512 Ι.
1063 2459 1216 2513 Peerlkam-

123 2534 197 2600 pius:
226 2532 298 2596 ,Nou
314 2541 433 2600 poterant
452 2533 586 2603 (Romani)
609 2536 700 2586 timere
718 2534 805 2594 fetus,
838 2548 903 2601 ques
921 2532 1056 2585 Germanis
1074 2532 1217 2599 parturibat

122 2604 163 2655 rei
183 2604 313 2671 pariebat,
331 2619 389 2655 cunr
401 2604 520 2655 Horatius
533 2604 598 2656 baec
616 2605 778 2666 scribebat“;
796 2605 884 2673 itaque
901 2603 1081 2671 corrigendum
1099 2607 1219 2670 opinetur

122 2684 211 2727 mm.
249 2676 301 2728 Sed
321 2676 390 2727 inter
408 2675 526 2737 Parthas,
545 2677 670 2742 Scythas,
692 2676 821 2742 iiispsuos
843 2690 894 2726 nun
912 2682 1053 2742 putuerunt
1070 2675 1133 2741 puni
1150 2674 1218 2726 Ger-

122 2749 224 2797 maniae
241 2756 338 2811 matun
367 2745 462 2798 deinde
480 2749 607 2814 pertenire
626 2746 706 2797 verbo
725 2747 835 2814 egregie
858 2746 1020 2814 significetur
1039 2760 1131 2813 magna
1150 2746 1217 2797 Ger·

121 2833 254 2868 manarunt
274 2818 403 2868 Romanas
423 2818 568 2871 lacessendi
588 2818 725 2885 cupiditas,
744 2834 797 2886 qus
813 2834 942 2886 nunquam
961 2817 1026 2868 fines
1047 2818 1148 2884 imperii
1168 2817 1217 2869 de·

122 2897 225 2939 vastare
244 2889 384 2939 desierunt
422 2890 498 2940 Fetus
516 2899 601 2941 eutem
622 2898 682 2940 suut
700 2890 821 2939 immunia
840 2890 1026 2940 Germanorum
1045 2902 1161 2954 corpora.
1183 2917 1217 2931 -

123 2960 229 3029 Condit]
250 2961 332 3026 exigit
352 2962 420 3011 iuter
439 2959 563 3011 laborem.
599 2961 642 3013 Sic
663 2960 744 3011 iatine
762 2959 871 3011 dicimus
891 2960 966 3021 dictu,
983 2967 1092 3021 uectem,
1111 2957 1219 3009 iustu»

122 3033 242 3082 medere.
280 3030 382 3082 Deinde
405 3030 472 3082 bene
490 3030 604 3083 additum
626 3039 665 3083 est
683 3033 744 3093 esis,
763 3045 815 3097 quo
834 3045 910 3097 quarn
929 3037 1016 3081 certae
1037 3036 1090 3079 turn
1107 3044 1217 3095 pusses-

120 3102 208 3153 siones
238 3101 335 3153 fuerint
359 3102 529 3171 significetur.
569 3133 599 3143 -
637 3104 714 3154 sitem
732 3102 811 3170 ducit]
843 3101 904 3151 vide
920 3101 953 3152 ad
973 3100 1057 3151 Germ.
1077 3098 1110 3164 ΙΙ,
1131 3099 1172 3163 15,
1190 3098 1216 3152 4.

121 3170 202 3238 Epod.
222 3173 248 3236 2,
268 3173 308 3226 10.
341 3206 375 3215 -
412 3173 448 3225 ud
465 3172 541 3246 nnn]
570 3172 646 3224 Redit
663 3172 779 3239 agricola
798 3172 919 3223 coniecto
938 3171 1027 3222 lsbure
1049 3170 1082 3223 ud
1100 3185 1217 3237 coenant,
1312 3226 1316 3231 ,

121 3244 188 3295 tuter
206 3258 284 3315 quam
302 3244 358 3294 eius
378 3244 455 3294 etiam
473 3247 530 3295 sire
552 3242 664 3295 bominis
681 3246 739 3295 sive
760 3243 802 3293 dei
822 3250 986 3307 nemorosi,
1005 3244 1046 3294 cui
1065 3241 1114 3293 buc
1131 3243 1217 3309 ipsura

121 3315 188 3380 quud
208 3329 300 3380 agrurn
317 3314 406 3365 coiere
424 3323 451 3365 et
470 3329 578 3366 coenam
596 3314 732 3366 honestam
751 3329 843 3381 parare
861 3315 945 3381 putuit
975 3322 1110 3381 acceptum
1127 3314 1216 3367 refert.

121 3384 248 3437 Secundis
279 3386 376 3436 mensis
405 3384 486 3437 iibere
507 3384 628 3437 solebant
652 3385 789 3452 penatibus
807 3392 834 3436 et
853 3384 903 3437 diis
924 3385 1092 3448 tutelaribus;
1122 3385 1216 3452 quibus

121 3470 178 3507 cum
198 3470 246 3523 par
264 3457 297 3517 sit
315 3455 447 3523 Augustus
465 3456 609 3520 beneficiis,
627 3471 678 3507 nen
699 3459 784 3507 minus
801 3455 944 3509 adhibetur.
965 3458 1034 3523 Virp.
1054 3458 1120 3506 Aen.
1131 3457 1163 3517 V,
1170 3456 1214 3507 62.

121 3535 146 3576 et
165 3526 226 3577 vide
244 3527 277 3576 ad
297 3526 381 3578 Carni.
401 3527 446 3591 ΙΙΙ,
464 3529 490 3591 3,
512 3529 553 3578 12.
578 3558 606 3569 -
631 3531 721 3595 mupni
738 3526 869 3649 Herculis}
889 3528 999 3579 Genitivi
1019 3527 1139 3592 suspensi
1156 3532 1217 3576 suut

122 3612 153 3647 er
172 3598 223 3649 adi.
241 3614 355 3661 mersum
383 3599 418 3648 ita
437 3600 494 3664 ipse
516 3597 700 3649 vocabulorum
721 3598 785 3649 ordo
803 3613 850 3648 sua
869 3607 912 3662 et,
938 3597 971 3647 de
989 3611 1040 3663 quo
1059 3594 1216 3647 eunicebus

121 3666 212 3719 turos:
233 3668 317 3720 Carus.
336 3669 356 3732 Ι,
379 3669 473 3731 tutu.
500 3672 521 3733 l,
543 3670 584 3732 17,
601 3670 645 3721 21.
676 3668 697 3731 Ι,
720 3669 824 3729 18,12.
854 3669 875 3730 Ι,
895 3668 938 3730 24,
961 3667 1001 3718 13.
1028 3669 1048 3729 1,
1069 3668 1111 3731 27,
1135 3667 1175 3719 10.
1196 3665 1216 3729 Ι,

120 3738 227 3800 36,13.
251 3738 283 3801 ΙΙ,
308 3744 329 3801 t,
349 3739 374 3791 9.
404 3738 450 3805 iii,
467 3739 493 3804 9,
516 3741 540 3792 7.
567 3741 610 3803 tv,
630 3741 656 3803 6,
675 3741 717 3792 33.
745 3740 788 3803 ΙΙΙ,
808 3739 902 3802 11,31.
928 3738 972 3802 ΙΙΙ,
986 3740 1027 3800 15,
1042 3737 1087 3790 26.
1115 3735 1217 3789 Deinde

119 3827 217 3861 mr
235 3810 286 3861 adi.
306 3826 358 3861 uun
377 3808 456 3861 iaeiie
476 3818 547 3863 caret
565 3811 677 3863 obiectu
715 3809 821 3862 Herculi
840 3809 951 3877 aliisque
964 3807 1087 3859 heroibus
1099 3806 1216 3858 bucma-

121 3883 190 3932 xime
207 3881 320 3933 debebat
342 3880 458 3945 Graecia,
478 3882 547 3949 quud
566 3898 613 3950 per
631 3898 721 3934 omines
742 3884 864 3949 regiones
886 3887 1011 3947 regentes
1030 3879 1155 3947 quidquid
1171 3880 1215 3931 iu·

121 3955 257 4003 venissent
277 3952 319 4002 vet
345 3951 458 4004 ierorurn
477 3951 609 4005 bominum
629 3952 673 4005 vei
697 3952 838 4005 bestiarum
865 3951 993 4003 necabant
1013 3950 1144 4017 vitansque
1165 3949 1216 4000 tru-

122 4037 221 4073 manem
244 4039 258 4073 a
279 4022 404 4090 perieulis
421 4023 530 4075 liberam
549 4035 576 4076 et
592 4027 705 4092 quietam
723 4023 874 4075 reddebant.
905 4054 940 4065 -
979 4022 1086 4073 dicim
1104 4023 1215 4090 inteprel

120 4093 305 4146 Animadverte
325 4093 374 4145 boc
391 4095 483 4147 iteruin
502 4096 647 4158 artificium,
665 4110 717 4163 quo
735 4110 803 4162 quae
822 4096 890 4145 inter
908 4107 937 4144 se
956 4092 1115 4159 respondent
1133 4107 1215 4143 vuca-

119 4161 181 4214 buia
202 4167 251 4216 dic.
270 4167 317 4217 int.
337 4174 364 4216 et
381 4167 431 4217 dic.
449 4167 518 4217 usid.
536 4167 626 4218 eedem
645 4165 762 4217 obtineat
773 4179 896 4219 ursuunr
914 4162 980 4215 tucn.
999 4194 1032 4206 -
1050 4164 1129 4237 uuidil
1148 4161 1216 4230 apud

118 4238 346 4302 cumpunctionem.
383 4237 416 4289 ci.
437 4236 584 4302 Carus.1V‚
608 4240 692 4302 125.

569 4406 761 4422 ..-αι-ω·
