3117 5042
382 411 521 479 urar.
564 411 731 479 aaran.
756 412 822 479 vu
1092 418 1152 481 eea
1222 490 1225 495 ,

156 597 246 669 Quam
262 593 340 657 satia
358 598 406 656 est
426 608 548 670 morer,
570 612 610 659 ex
630 593 728 657 nitido
747 596 783 659 tt
803 597 937 658 metiens
960 603 1053 679 atque
1080 605 1089 612 ·

154 700 255 765 Suieus
278 709 311 765 et
330 701 437 764 uineta
456 708 684 783 erepatmera,
708 692 875 783 praeparat
896 704 1006 780 nimos,

96 817 137 867 ‘as
154 808 318 883 immoritur
337 807 447 871 studiis
468 815 500 871 et
518 826 623 873 aurore
647 810 779 873 seueaeit
802 810 946 874 trahendi.

157 917 259 979 Verum
280 917 333 980 utri
353 896 430 979 eries
452 918 558 996 terto,
579 918 687 982 moritu
707 917 829 999 periere
848 919 997 1000 capellae,

152 1023 240 1104 Spem
260 1026 387 1088 mentita
405 1043 512 1107 aegea,
535 1025 591 1097 tros
610 1030 658 1087 est
681 1033 805 1089 euentus
828 1024 956 1105 amado,

155 1130 286 1193 utinam
310 1131 430 1195 damnis
451 1132 552 1195 media
575 1133 614 1195 de
636 1140 725 1196 noete
741 1134 896 1197 caballum

156 1239 266 1318 Arripit
288 1238 446 1322 transque
467 1240 599 1322 Phiiippi
618 1242 718 1305 tendit
740 1241 779 1305 ad
800 1241 904 1305 aedea.

116 1359 142 1406 tu
161 1349 249 1421 Quen
269 1348 359 1410 sinut
382 1348 690 1430 adspexitumtrun
714 1351 926 1432 intonsumque
946 1348 1114 1433 Phiiippus,

155 1453 265 1531 iturus,
286 1455 348 1534 uit,
370 1456 474 1519 Vuitei
486 1504 496 1535 ,
516 1457 605 1519 nimis
627 1462 823 1539 attentusque
845 1457 961 1540 rideris

157 1561 330 1627 Eaaemitd
367 1563 423 1627 Pet
444 1582 492 1626 me
512 1565 671 1644 miserum,
693 1573 845 1646 patrone,
866 1582 1006 1644 vocares,

159 1669 191 1732 Si
212 1673 316 1749 velles,
337 1670 450 1754 iuquit,
472 1690 578 1734 verum
602 1672 674 1734 mitri
698 1690 813 1753 ponere
835 1690 953 1737 nomeu.

157 1777 236 1851 Quod
258 1785 289 1840 te
309 1796 367 1860 per
383 1780 513 1842 Genium
538 1780 741 1863 dextramque
763 1780 899 1862 deosque
919 1743 1052 1844 Peirates

114 1896 140 1945 ts
156 1884 284 1949 disemo
309 1895 340 1950 et
362 1888 517 1962 obtestor,
540 1888 624 1950 vitae
644 1906 693 1951 me
713 1874 809 1950 redde
830 1889 938 1971 priori.

157 1993 210 2066 Qui
231 1994 325 2057 semei
347 1974 509 2076 adspexit,
531 2002 676 2078 quantum
694 1984 827 2058 dimissa
846 1996 951 2078 petitis
1046 2020 1049 2031 ¹

132 2152 135 2157 .
158 2100 331 2179 Praestent,
351 2110 471 2165 mature
493 2104 600 2185 redeat
623 2109 805 2185 repetatque
826 2104 946 2166 relicta.
1217 2182 1221 2191 f

159 2206 254 2271 dtetiri
275 2228 310 2272 se
331 2227 481 2297 quemque
501 2229 557 2273 suo
578 2209 703 2273 modulo
725 2228 764 2273 ae
784 2210 863 2292 pede
886 2227 992 2272 verum
1014 2216 1071 2271 est
1161 2206 1210 2293 J

91 2412 263 2476 uonepttnnn
280 2412 341 2464 iure
357 2413 490 2471 rusticum.
521 2434 552 2456 -ιι
583 2431 617 2465 ee
634 2413 727 2486 nitido}
748 2414 805 2471 Cie,
825 2412 856 2464 ad
876 2411 946 2466 Fam
965 2412 1032 2476 xvt
1049 2412 1093 2482 ΙΙ,
1113 2410 1162 2462 tta

91 2477 266 2546 „temnendae
279 2483 341 2534 'titii
362 2493 422 2539 suat
436 2483 617 2535 urbanitates:
644 2486 756 2535 rustinus
778 2484 1088 2537 Beneuentanum
1127 2511 1162 2524 -

92 2551 177 2622 nediu]
193 2553 299 2606 Dativua
311 2564 359 2620 eat,
377 2562 406 2611 ut
417 2554 495 2622 ¹apud
514 2554 698 2619 Quintilianum
717 2554 795 2619 tx‚3‚
808 2555 859 2607 73:
877 2555 994 2611 „immori
1008 2553 1163 2620 legationi!

90 2647 118 2664 -
133 2625 243 2698 sunm]
264 2628 419 2689 inanescit,
437 2628 557 2688 rixatur.
592 2626 679 2694 apin„
692 2626 726 2688 ΙΙ,
743 2627 769 2689 2,
787 2626 829 2677 82.
854 2656 888 2668 -
923 2629 1004 2694 repes]
1024 2626 1057 2675 ct.
1077 2623 1162 2674 Carni.

89 2688 127 2753 ΠΙ,
140 2696 207 2755 1,30.
228 2727 261 2739 -
281 2707 387 2751 enectus
406 2698 521 2766 urnam]
542 2697 607 2749 Prae
624 2698 703 2751 nimie
722 2695 812 2748 labore
831 2696 945 2748 concidit
962 2696 1027 2756 boa3
1044 2695 1164 2763 aunuum

90 2757 159 2814 boam
176 2767 288 2836 vuiteiua
307 2769 431 2820 urbanam
450 2784 522 2819 auam
540 2768 703 2821 sedulitatem
721 2772 761 2835 (v.
780 2768 823 2821 ὁδ’.
846 2767 892 2835 ΙΙ)
912 2783 955 2818 rus
973 2769 1049 2817 etiarn
1070 2773 1164 2816 eonta-

91 2828 142 2885 iiaae
159 2837 281 2903 videtur„
302 2850 332 2893 ut
350 2856 426 2908 quem
446 2841 504 2906 ipae
517 2838 628 2892 libenter
648 2841 796 2904 susciperet
812 2854 932 2905 magnum
953 2837 1067 2888 laborem
1086 2837 1164 2886 etium

92 2901 161 2956 bubus
176 2910 318 2976 inponeret
363 2913 494 2978 imperitia
513 2912 592 2979 igitur
612 2910 662 2962 tuit
682 2925 734 2978 qua
752 2912 890 2977 peccauit,
920 2923 971 2960 non
992 2908 1069 2959 nimia
1088 2908 1165 2973 eupi-

92 2971 154 3025 itin.
171 3009 203 3021 -
221 2982 327 3052 arripit}
347 2982 402 3032 tloe
419 2985 524 3033 verbam
544 2992 570 3033 et
587 2998 655 3050 quae
674 2976 760 3033 addita
778 2990 839 3032 sunt
858 2979 986 3031 mediode
1001 2986 1076 3029 nocte
1089 2993 1166 3045 quam

91 3044 161 3097 subito
174 3049 298 3102 fastidium
311 3053 411 3116 ceperit
426 3052 554 3103 Vuiteiunr
576 3054 609 3107 ad
625 3048 843 3120 desperatumque
864 3052 1002 3102 consitium
1026 3047 1165 3101 abiiciendi

92 3111 171 3167 tutona
189 3120 304 3187 adegerit
327 3123 435 3189 egregie
455 3114 601 3175 ostendunt
627 3150 658 3164 -
686 3123 817 3193 scutrum}
837 3122 933 3174 indicia
953 3122 1017 3172 haee
1038 3127 1098 3172 sunt
1115 3134 1168 3170 non

92 3189 187 3239 iuuere
203 3192 248 3243 aed
268 3195 389 3244 tristioria
408 3193 485 3243 vita'e.
524 3222 559 3234 -
595 3194 685 3264 durau]
706 3193 761 3244 idue
783 3209 888 3262 quoque
907 3191 1059 3245 trahendum
1080 3192 1166 3254 aium,

90 3269 137 3308 nau
153 3259 212 3311 Ptin.
234 3263 315 3330 Epist
339 3263 476 3327 Vi,30,4:
496 3263 673 3322 „Rumieorum
695 3264 858 3330 praediorum
877 3263 1063 3316 administratio
1082 3262 1169 3331 poscit

92 3324 167 3380 duum
183 3331 295 3401 aliquem
316 3338 343 3403 et
360 3343 507 3402 agrestem,
529 3338 571 3385 cui
590 3351 639 3386 nee
657 3334 729 3386 labor
746 3334 794 3386 iiie
812 3337 899 3403 gravis
918 3352 967 3387 nee
985 3348 1047 3385 eura
1064 3332 1169 3384 eordida

90 3410 130 3448 nee
152 3402 225 3455 tristis
242 3404 358 3456 solitudo
375 3404 518 3456 videatur.“
537 3435 571 3446 -
600 3406 708 3471 deosque
729 3406 847 3478 Penates}
871 3403 1101 3468 Sat.lt,3‚176.
1138 3404 1168 3452 iu

90 3465 217 3525 adnotandi
241 3475 354 3526 formula
372 3477 438 3542 qued
455 3475 590 3527 relativum
617 3484 656 3526 est
675 3476 802 3527 infinitum
827 3491 876 3543 pro
898 3485 1006 3545 propter
1035 3473 1116 3539 qaod,
1141 3479 1170 3521 ut

90 3537 226 3596 Graecorum
247 3545 264 3600 d
285 3561 333 3612 pro
352 3546 432 3601 dedra.
471 3548 542 3610 virg.
563 3549 629 3599 Aen.
650 3545 683 3609 ΙΙ,
706 3544 775 3607 ΙΙΙ,
801 3562 866 3596 eave
888 3555 975 3597 minen
993 3543 1084 3594 eredas
1102 3556 1169 3607 aup-

91 3608 194 3672 purten
212 3632 272 3668 ease
291 3616 363 3667 iiiam
381 3617 609 3684 praepositionem.
633 3646 664 3657 -
694 3617 783 3686 seruet]
802 3614 965 3682 Negiigenda
986 3615 1036 3665 tuit
1053 3613 1169 3678 optimo·

90 3694 136 3733 mm
154 3685 269 3739 codicum
291 3691 441 3751 aucteritas,
460 3700 511 3756 qua
528 3685 598 3753 quod
618 3686 801 3751 comprobatur
819 3686 1021 3753 simulinepturn
1039 3691 1088 3733 eet.
1117 3680 1170 3733 Sed

91 3748 285 3879 {ivoqqenqiasima
307 3758 398 3810 horum
415 3757 600 3811 vocabulorum
620 3756 749 3809 confusio.
797 3756 918 3809 Ceterum
945 3755 1007 3807 vide
1032 3750 1064 3804 ad
1086 3751 1172 3823 Curru,

119 3862 127 3888 ‚
159 3866 168 3892 ,
204 3866 210 3880 .
