3117 5042
371 412 434 474 Μ
744 404 1110 471 brtstobsttntt

402 603 433 650 eo
452 588 489 653 st
510 594 595 651 recte
615 585 720 651 iacies.
763 588 821 651 ltro
840 607 943 651 muros
964 586 1087 655 abacos
1102 596 1188 653 esto:

450 695 501 758 liri
523 695 662 758 munstre
683 695 759 771 sibi,
780 696 868 759 uulla
888 698 1061 777 pallescere
1081 698 1183 779 culpa.

450 803 586 879 Meris,
608 803 792 880 discedes,
815 805 926 886 melior
947 805 1000 868 lex
1021 824 1070 868 an.
1084 824 1247 887 pucrorrus
1269 814 1318 868 est

449 910 566 989 Nesis,
588 929 668 993 qaae
687 929 818 991 reguum
840 919 925 974 recte
947 912 1130 976 memfibos
1152 912 1272 990 offert,⁴

450 1020 491 1082 tit
510 1020 646 1083 maribus
665 1018 772 1083 cortis
789 1026 822 1081 et
841 1019 1007 1083 doeauuta
1028 1020 1193 1084 Camillis?

400 1142 431 1190 os
453 1129 523 1190 isne
542 1127 599 1191 tibi
620 1128 732 1190 uettus
753 1127 884 1205 suadet,
905 1126 1177 1209 uoluntarias,
1200 1147 1274 1207 ren,

450 1235 486 1297 Sl
506 1235 625 1316 possis,
644 1243 747 1314 recte,
768 1235 798 1297 si
819 1254 901 1314 nou,
925 1252 1104 1318 quocunqne
1124 1237 1214 1299 modo
1237 1255 1311 1314 rcus.

393 1344 400 1357 '
452 1343 499 1404 tlt·
512 1343 638 1424 propius
658 1350 787 1425 spectes
805 1342 972 1406 lacrimosa
995 1351 1138 1424 poemata
1161 1344 1257 1425 Papi3

451 1450 501 1512 Au
524 1448 576 1532 qni
597 1449 753 1513 donnana
774 1456 807 1513 te
825 1467 1012 1532 responsare
1033 1451 1186 1531 superbae

453 1550 594 1620 bibemus
618 1564 649 1619 et
671 1566 805 1620 erectum
825 1575 980 1639 praesens.
997 1558 1140 1623 bortstur
1160 1565 1192 1620 et
1210 1560 1324 1639 aptati

402 1682 430 1726 ro
452 1664 569 1742 Quodsi
588 1682 637 1727 ure
657 1667 788 1746 populus
807 1666 964 1728 liemarum
997 1667 1080 1728 torte
1094 1674 1206 1748 roget,
1229 1684 1285 1728 eur

450 1774 519 1836 Non
541 1772 575 1835 tt't
594 1773 763 1854 porticibus
782 1773 828 1835 sio
847 1772 968 1835 iudiciis
989 1775 1077 1835 fruar
1099 1773 1213 1853 isdem,
1335 1843 1343 1847 ,

448 1881 511 1942 Nee
531 1899 644 1963 sequar
665 1887 697 1942 et
720 1881 837 1961 tugiam
861 1898 941 1962 pose
964 1881 1067 1963 diligit
1090 1882 1156 1962 ipse
1176 1883 1226 1944 vel
1248 1883 1334 1959 odit;

449 1988 528 2050 (stin
549 1988 630 2069 quod
651 1968 760 2069 'vulpes
780 1995 914 2068 aeproto
935 1996 1027 2051 cauta
1048 1989 1130 2052 leoni
1184 2025 1188 2031 ·
1234 2028 1236 2031 -

450 2095 623 2175 Respondit
646 2098 800 2159 reseram:
820 2095 899 2172 Quia
919 2114 968 2157 sne
988 2097 1122 2178 vestigia
1143 2104 1272 2173 terrent,

400 2220 428 2263 rs
449 2204 558 2267 Omnia
570 2211 610 2264 te
630 2204 795 2267 adversum
815 2204 1002 2283 spectantia,
1026 2205 1112 2266 nulla
1132 2213 1310 2270 retrorsum.

449 2312 548 2374 Belua
567 2312 730 2373 multorum
751 2329 785 2372 es
806 2312 956 2392 capitum:
979 2330 1051 2377 uam
1069 2312 1141 2394 quid
1154 2332 1267 2395 sequar
1279 2322 1331 2376 aut
1347 2322 1441 2396 quest

448 2424 527 2486 Pars
548 2419 700 2482 bominum
720 2419 817 2501 gestit
840 2420 1010 2482 conducere
1030 2419 1170 2501 publica;
1192 2429 1266 2483 sunt
1285 2421 1337 2503 qui

366 2595 393 2639 et
414 2598 495 2654 regna
518 2591 544 2634 ct
561 2584 670 2650 imperia
689 2582 874 2634 distribuentes
893 2597 945 2634 uon
965 2582 1131 2651 eum'regem
1152 2592 1240 2636 creant
1260 2584 1360 2652 sibique
1377 2600 1444 2652 prse-

366 2673 427 2710 essc
445 2655 537 2707 volunt
556 2656 599 2723 qui
613 2654 758 2705 ¹ditissimus
778 2663 827 2717 est,
846 2653 891 2705 sed
912 2670 988 2722 quem
1008 2656 1176 2706 iustissimum
1194 2655 1255 2706 lore
1268 2666 1379 2723 sperant.
1398 2656 1444 2708 lle·

366 2744 417 2797 que
438 2727 559 2778 decerto
579 2725 688 2793 quodam
699 2728 842 2791 'puerorum
862 2724 923 2775 ludo
945 2726 1109 2793 cogitandum
1124 2742 1182 2776 esse
1196 2725 1320 2789 arbitror;
1341 2729 1444 2778 nimirum

367 2799 455 2868 plures
477 2795 545 2848 baud
564 2795 641 2846 dubie
660 2804 733 2846 erant
750 2795 814 2860 ludi,
833 2797 858 2845 in
878 2794 972 2863 quibus
990 2799 1033 2865 qui
1052 2796 1111 2847 lites
1126 2797 1267 2861 dirimeret,
1286 2800 1397 2866 praemia
1412 2798 1445 2848 di·

368 2868 514 2932 stribueret,
535 2867 651 2918 ordinem
669 2868 817 2918 restitueret
835 2869 985 2933 magistratu
1005 2867 1115 2936 quodum
1133 2883 1198 2935 opus
1214 2877 1277 2919 erat
1315 2869 1387 2920 lluue
1403 2869 1446 2936 igi·

369 2951 410 2993 tur
427 2946 546 2991 creantes
564 2938 637 3005 pueri
656 2937 786 2988 cauebant
801 2939 914 3001 'tneniop'
929 2938 990 2989 vide
1009 2939 1040 2989 ad
1059 2938 1142 2990 Carnu.
1162 2938 1194 3001 ll,
1210 2940 1232 3000 l,
1245 2939 1293 3005 38)
1314 2948 1379 2990 teste
1392 2940 1447 2991 Por·

366 3004 510 3080 phprioue:
528 3008 599 3074 „ilex
615 3008 664 3058 erit
683 3010 726 3077 qui
746 3017 819 3059 reete
838 3007 930 3072 lactet,
949 3011 993 3077 qni
1014 3008 1162 3069 nouflaciet
1179 3024 1231 3060 nou
1251 3011 1326 3059 crisa
1352 3043 1384 3054 -
1416 3008 1449 3060 sil

367 3083 494 3149 conscire]
515 3078 582 3129 idem
599 3077 669 3145 quod
689 3088 760 3130 recte
783 3081 886 3130 iacere:
921 3074 997 3145 qua‘m
1015 3082 1170 3131 sententiam
1188 3088 1217 3131 ut
1233 3095 1333 3131 morunt
1351 3089 1448 3133 sinen

386 3153 454 3203 ravis
474 3149 656 3215 cupiditatibus
677 3150 772 3215 opponi
796 3150 852 3199 vult
870 3157 955 3216 poeta.
972 3181 1003 3190 -
1024 3152 1133 3219 Roscio]
1154 3151 1214 3201 ride
1234 3149 1266 3201 ad
1283 3151 1447 3219 Eponam

365 3168 405 3273 ἑκ
422 3220 569 3287 insequenti
586 3233 664 3270 versu
685 3219 738 3270 noli
758 3218 865 3270 efficere
876 3259 885 3284 ,
904 3221 1004 3286 priscos
1025 3219 1142 3272 homines
1161 3219 1229 3272 idem
1247 3225 1389 3287 cecinisse,
1406 3221 1446 3274 sed

367 3293 436 3345 idem
454 3290 503 3343 sibi
524 3290 693 3356 persuasisse.
733 3290 885 3342 Decantnre
901 3286 968 3342 e'nim
984 3299 1024 3341 est
1040 3307 1143 3359 semper
1152 3300 1281 3358 repetere,
1302 3296 1329 3345 iu
1347 3309 1391 3346 ore
1406 3294 1446 3345 ba·

368 3364 439 3416 bere.
469 3360 524 3412 Cic.
542 3358 575 3411 de
591 3368 654 3410 orat.
674 3358 706 3423 tt,
727 3360 849 3424 32140:
867 3361 918 3427 „Ut
937 3377 1028 3413 causas
1046 3378 1135 3414 omnes
1155 3362 1294 3430 diligentes
1315 3372 1341 3416 et
1359 3379 1448 3416 memo·

367 3451 410 3490 res
428 3441 454 3485 et
470 3431 549 3483 sobrii
562 3438 678 3482 oratores
698 3446 835 3497 percursas
853 3435 939 3483 animo
956 3439 983 3482 et
1000 3448 1082 3500 prope
1101 3432 1185 3485 dieam
1203 3433 1352 3487 demutatas
1363 3436 1448 3486 habere

368 3505 502 3558 debeam
525 3534 558 3559 ,-
587 3504 694 3571 propius
710 3504 817 3575 spectes]
837 3502 930 3553 sedeas
949 3519 1030 3571 eques
1047 3506 1073 3555 in
1092 3506 1299 3573 quattuordecim
1317 3507 1449 3558 ordinibus.

369 3576 448 3630 Simul
471 3574 653 3642 perstringitur
672 3572 861 3641 praetereundo
881 3573 985 3639 Pupius,
1006 3574 1194 3643 tragoediarum
1203 3575 1330 3628 debilium
1341 3580 1449 3646 scriptor.

368 3649 394 3700 ls
416 3647 484 3699 bunc
502 3647 552 3698 sibi
571 3643 671 3695 titulum
692 3644 789 3695 iecisse
807 3643 930 3694 traditur:
949 3643 1171 3710 „Flebuntamici
1191 3653 1217 3696 et
1235 3646 1304 3699 bene
1323 3652 1375 3700 uoti
1389 3664 1450 3700 mor·

369 3728 420 3770 tem
440 3732 537 3769 meam:
567 3714 630 3767 liam
652 3714 763 3781 populus
782 3717 808 3765 iu
827 3729 868 3765 me
888 3716 950 3766 vivo
967 3717 1135 3768 lacrimatu’st
1152 3718 1248 3767 satis.“
1282 3750 1316 3762 -
1352 3735 1452 3788 respos-

368 3794 438 3859 rors]
460 3789 512 3841 Sat.
533 3786 565 3850 ΙΙ,
584 3786 609 3849 7,
627 3785 662 3838 85
701 3816 731 3828 -
761 3785 879 3856 liberum]
903 3786 938 3838 cl.
958 3785 1040 3853 Epist.
1062 3786 1082 3851 l,
1103 3787 1143 3850 16,
1163 3788 1265 3856 oesqq.
1289 3820 1319 3834 -
1355 3791 1450 3841 indiciis

367 3864 458 3930 fruor]
478 3859 507 3911 ln
526 3856 635 3907 fruendo
656 3854 837 3907 delectationis
856 3858 895 3907 vis
914 3858 1000 3917 iussn
1019 3873 1099 3925 quare
1118 3859 1180 3910 satis
1190 3866 1277 3924 aptum
1296 3858 1453 3912 boccerbun

370 3938 454 3983 estet
474 3926 616 3997 porticibus
635 3935 662 3977 et
680 3926 789 3978 iudiciis.
827 3926 871 3979 Sil.
892 3927 938 3978 ltal
961 3927 1093 3993 tutent:
1113 3928 1283 3997 „Fruiturqua
1303 3933 1395 3985 timore
1411 3945 1453 3998 ps·

369 4006 506 4052 septuns.
550 3997 622 4061 Quae
640 3995 813 4064 intelligenda
831 3998 883 4047 sint
902 3997 998 4048 iudicis
1017 4001 1147 4066 proximus
1168 4001 1281 4051 ostendit
1300 4017 1392 4053 versus
1426 4031 1454 4044 -

367 4072 462 4144 scalper}
486 4069 582 4123 Eodem
604 4067 716 4136 apologo
734 4069 865 4134 Aesopico
883 4084 945 4119 usus
957 4076 1013 4119 erat
1029 4069 1102 4122 Plato
1112 4068 1341 4140 Alcib.l.c.39.p.
1355 4073 1454 4132 libb.

368 4139 613 4203 deludebantur,
641 4141 713 4189 cuins
743 4138 792 4189 boc
811 4138 981 4206 fragmentum
1001 4149 1097 4192 restat:
1130 4142 1257 4204 „Leonem
1277 4152 1411 4211 aegrotum
1429 4156 1455 4193 sc

368 4213 491 4270 lassum.
513 4248 520 4262 .
543 4246 575 4260 ..
615 4208 759 4261 Deductum
781 4218 842 4260 tune
863 4225 928 4260 voce
948 4209 1007 4261 leo:
1032 4211 1084 4262 Cur
1104 4219 1131 4262 tn
1152 4212 1209 4279 ipsa
1229 4216 1321 4264 venire
1347 4214 1456 4266 Nostris

369 4282 444 4335 hnc?
474 4317 481 4331 .
503 4316 533 4331 ..
554 4280 621 4344 Quid
639 4279 688 4331 sibi
709 4279 784 4330 vdit?
802 4295 881 4347 quare
901 4279 943 4343 lit,
972 4289 1000 4330 ut
1017 4282 1177 4334 introversus
1199 4291 1224 4333 et
1243 4284 1275 4335 ad
1294 4294 1320 4336 te
1337 4286 1455 4352 Specteut

369 4363 448 4478 ptqne
467 4352 551 4403 lerant
569 4351 684 4472 remigis:i
695 4352 826 4472 spuorpnic
847 4349 997 4472 prorsusl'ltt
1034 4352 1103 4403 Dicit
1120 4360 1207 4475 nutcrpi
1224 4352 1270 4439 ille
1291 4355 1419 4440 apologus
1429 4352 1456 4405 ad

389 4439 438 4476 ane
462 4438 518 4474 rem
535 4435 701 4472 recommota
781 4436 825 4471 oe:
855 4436 945 4488 pericu
955 4436 1029 4473 osum
1056 4438 1115 4475 esse
1141 4439 1188 4475 ves
1228 4440 1253 4475 ra
1279 4440 1291 4477 s
1328 4443 1355 4479 ιιι
1375 4442 1457 4478 eamn

372 4496 417 4563 qui
436 4508 468 4544 so
488 4491 655 4559 pervenerint
672 4490 741 4543 nude
761 4492 848 4544 redire
866 4507 919 4545 noo
937 4493 1022 4545 liceat
1043 4525 1075 4537 -
1096 4440 1421 4565 pmttcapgberceribunmr
1436 4504 1458 4546 st
