<?xml version="1.0" encoding="UTF-8"?>
<!DOCTYPE html PUBLIC "-//W3C//DTD XHTML 1.0 Transitional//EN"
    "http://www.w3.org/TR/xhtml1/DTD/xhtml1-transitional.dtd">
<html xmlns="http://www.w3.org/1999/xhtml" xml:lang="en" lang="en">
 <head>
  <title>
</title>
<meta http-equiv="Content-Type" content="text/html;charset=utf-8" />
  <meta name='ocr-system' content='tesseract 3.04.00' />
  <meta name='ocr-capabilities' content='ocr_page ocr_carea ocr_par ocr_line ocrx_word'/>
</head>
<body>
  <div class='ocr_page' id='page_1' title='image "./operaomnia00dillgoog_0384.png"; bbox 0 0 3117 5042; ppageno 0'>
   <div class='ocr_carea' id='block_1_1' title="bbox 384 428 1119 547">
    <p class='ocr_par' dir='ltr' id='par_1_1' title="bbox 384 428 1119 547">
     <span class='ocr_line' id='line_1_1' title="bbox 384 428 1119 547; baseline 0.001 -37"><span class='ocrx_word' id='word_1_1' title='bbox 384 453 447 547; x_wconf 78' lang='lat' dir='ltr'>aas</span> <span class='ocrx_word' id='word_1_2' title='bbox 779 442 1078 511; x_wconf 71' lang='lat' dir='ltr'>scurranum</span> <span class='ocrx_word' id='word_1_3' title='bbox 1107 428 1119 438; x_wconf 83' lang='grc'><strong>’</strong></span> 
     </span>
    </p>
   </div>
   <div class='ocr_carea' id='block_1_2' title="bbox 416 628 1501 2759">
    <p class='ocr_par' dir='ltr' id='par_1_2' title="bbox 467 628 1330 715">
     <span class='ocr_line' id='line_1_2' title="bbox 467 628 1330 715; baseline 0.008 -22"><span class='ocrx_word' id='word_1_4' title='bbox 467 631 629 693; x_wconf 75' lang='lat' dir='ltr'>aeterna</span> <span class='ocrx_word' id='word_1_5' title='bbox 652 628 710 692; x_wconf 80' lang='lat' dir='ltr'>siti</span> <span class='ocrx_word' id='word_1_6' title='bbox 733 632 837 705; x_wconf 70' lang='lat' dir='ltr'>multa</span> <span class='ocrx_word' id='word_1_7' title='bbox 862 631 1013 693; x_wconf 73' lang='lat' dir='ltr'>recideret</span> <span class='ocrx_word' id='word_1_8' title='bbox 1035 651 1125 695; x_wconf 89' lang='lat' dir='ltr'>omne</span> <span class='ocrx_word' id='word_1_9' title='bbox 1147 635 1227 715; x_wconf 89' lang='lat' dir='ltr'>quod</span> <span class='ocrx_word' id='word_1_10' title='bbox 1255 638 1330 700; x_wconf 90' lang='lat' dir='ltr'>ultra</span> 
     </span>
    </p>

    <p class='ocr_par' dir='ltr' id='par_1_3' title="bbox 417 730 1395 1248">
     <span class='ocr_line' id='line_1_3' title="bbox 417 730 1395 815; baseline 0.002 -13"><span class='ocrx_word' id='word_1_11' title='bbox 417 758 445 802; x_wconf 87' lang='lat' dir='ltr'>ro</span> <span class='ocrx_word' id='word_1_12' title='bbox 465 740 635 801; x_wconf 77' lang='lat' dir='ltr'><strong>Perfectum</strong></span> <span class='ocrx_word' id='word_1_13' title='bbox 657 739 841 815; x_wconf 70' lang='lat' dir='ltr'>traheretur,</span> <span class='ocrx_word' id='word_1_14' title='bbox 864 748 894 800; x_wconf 89' lang='lat' dir='ltr'>et</span> <span class='ocrx_word' id='word_1_15' title='bbox 915 740 945 801; x_wconf 91' lang='lat' dir='ltr'>iu</span> <span class='ocrx_word' id='word_1_16' title='bbox 968 756 1059 803; x_wconf 89' lang='lat' dir='ltr'>rersu</span> <span class='ocrx_word' id='word_1_17' title='bbox 1082 742 1225 803; x_wconf 87' lang='lat' dir='ltr'>iaciendo</span> <span class='ocrx_word' id='word_1_18' title='bbox 1385 730 1395 741; x_wconf 52' lang='lat'>⁵</span> 
     </span>
     <span class='ocr_line' id='line_1_4' title="bbox 467 836 1361 931; baseline 0.002 -22"><span class='ocrx_word' id='word_1_19' title='bbox 467 846 569 928; x_wconf 82' lang='lat' dir='ltr'>Saepe</span> <span class='ocrx_word' id='word_1_20' title='bbox 589 852 681 927; x_wconf 85' lang='lat' dir='ltr'>caput</span> <span class='ocrx_word' id='word_1_21' title='bbox 696 846 858 922; x_wconf 79' lang='lat' dir='ltr'>scaberet,</span> <span class='ocrx_word' id='word_1_22' title='bbox 879 847 968 908; x_wconf 85' lang='lat' dir='ltr'>vivos</span> <span class='ocrx_word' id='word_1_23' title='bbox 992 856 1023 909; x_wconf 86' lang='lat' dir='ltr'>et</span> <span class='ocrx_word' id='word_1_24' title='bbox 1043 849 1170 911; x_wconf 88' lang='lat' dir='ltr'>roderet</span> <span class='ocrx_word' id='word_1_25' title='bbox 1193 851 1315 931; x_wconf 80' lang='lat' dir='ltr'>uirgues.</span> <span class='ocrx_word' id='word_1_26' title='bbox 1355 836 1361 847; x_wconf 55' lang='lat'>⁸</span> 
     </span>
     <span class='ocr_line' id='line_1_5' title="bbox 468 953 1333 1038; baseline 0 -21"><span class='ocrx_word' id='word_1_27' title='bbox 468 953 571 1033; x_wconf 83' lang='lat' dir='ltr'>Saepe</span> <span class='ocrx_word' id='word_1_28' title='bbox 593 954 696 1016; x_wconf 90' lang='lat' dir='ltr'>stilum</span> <span class='ocrx_word' id='word_1_29' title='bbox 719 964 823 1027; x_wconf 84' lang='lat' dir='ltr'>vertas</span> <span class='ocrx_word' id='word_1_30' title='bbox 845 954 955 1018; x_wconf 88' lang='lat' dir='ltr'>iterum</span> <span class='ocrx_word' id='word_1_31' title='bbox 975 973 1056 1038; x_wconf 81' lang='lat' dir='ltr'>quae</span> <span class='ocrx_word' id='word_1_32' title='bbox 1075 956 1173 1038; x_wconf 79' lang='lat' dir='ltr'>digna</span> <span class='ocrx_word' id='word_1_33' title='bbox 1195 958 1259 1038; x_wconf 83' lang='lat' dir='ltr'>legi</span> <span class='ocrx_word' id='word_1_34' title='bbox 1278 958 1333 1019; x_wconf 91' lang='lat' dir='ltr'>sint</span> 
     </span>
     <span class='ocr_line' id='line_1_6' title="bbox 468 1059 1316 1143; baseline 0.002 -20"><span class='ocrx_word' id='word_1_35' title='bbox 468 1059 664 1141; x_wconf 75' lang='lat' dir='ltr'>Scripturas,</span> <span class='ocrx_word' id='word_1_36' title='bbox 687 1078 786 1143; x_wconf 88' lang='lat' dir='ltr'>neque</span> <span class='ocrx_word' id='word_1_37' title='bbox 808 1068 839 1121; x_wconf 90' lang='lat' dir='ltr'>te</span> <span class='ocrx_word' id='word_1_38' title='bbox 863 1068 896 1122; x_wconf 91' lang='lat' dir='ltr'>ut</span> <span class='ocrx_word' id='word_1_39' title='bbox 916 1063 1045 1124; x_wconf 86' lang='lat' dir='ltr'>miretur</span> <span class='ocrx_word' id='word_1_40' title='bbox 1067 1064 1157 1125; x_wconf 86' lang='lat' dir='ltr'>turba</span> <span class='ocrx_word' id='word_1_41' title='bbox 1177 1064 1316 1135; x_wconf 82' lang='lat' dir='ltr'>labores,</span> 
     </span>
     <span class='ocr_line' id='line_1_7' title="bbox 467 1165 1277 1248; baseline 0.004 -19"><span class='ocrx_word' id='word_1_42' title='bbox 467 1165 637 1230; x_wconf 88' lang='lat' dir='ltr'>Contentus</span> <span class='ocrx_word' id='word_1_43' title='bbox 658 1170 763 1248; x_wconf 83' lang='lat' dir='ltr'>paucis</span> <span class='ocrx_word' id='word_1_44' title='bbox 782 1169 962 1231; x_wconf 80' lang='lat' dir='ltr'>lectorilms.</span> <span class='ocrx_word' id='word_1_45' title='bbox 1007 1167 1056 1230; x_wconf 78' lang='lat' dir='ltr'>Aa</span> <span class='ocrx_word' id='word_1_46' title='bbox 1078 1178 1132 1232; x_wconf 84' lang='lat' dir='ltr'>tua</span> <span class='ocrx_word' id='word_1_47' title='bbox 1155 1172 1277 1233; x_wconf 87' lang='lat' dir='ltr'>demens</span> 
     </span>
    </p>

    <p class='ocr_par' dir='ltr' id='par_1_4' title="bbox 421 1270 1437 1788">
     <span class='ocr_line' id='line_1_8' title="bbox 421 1270 1168 1340; baseline 0.004 -4"><span class='ocrx_word' id='word_1_48' title='bbox 421 1292 449 1336; x_wconf 81' lang='lat' dir='ltr'>rs</span> <span class='ocrx_word' id='word_1_49' title='bbox 471 1273 591 1337; x_wconf 83' lang='lat' dir='ltr'>Vilibus</span> <span class='ocrx_word' id='word_1_50' title='bbox 612 1275 645 1336; x_wconf 90' lang='lat' dir='ltr'>ia</span> <span class='ocrx_word' id='word_1_51' title='bbox 667 1270 750 1337; x_wconf 88' lang='lat' dir='ltr'>ludis</span> <span class='ocrx_word' id='word_1_52' title='bbox 774 1275 885 1338; x_wconf 84' lang='lat' dir='ltr'>dictari</span> <span class='ocrx_word' id='word_1_53' title='bbox 901 1277 1039 1339; x_wconf 87' lang='lat' dir='ltr'>carmina</span> <span class='ocrx_word' id='word_1_54' title='bbox 1054 1278 1168 1340; x_wconf 71' lang='lat' dir='ltr'>malis?</span> 
     </span>
     <span class='ocr_line' id='line_1_9' title="bbox 463 1383 1437 1471; baseline -0.001 -27"><span class='ocrx_word' id='word_1_55' title='bbox 463 1383 532 1444; x_wconf 87' lang='lat' dir='ltr'>Nou</span> <span class='ocrx_word' id='word_1_56' title='bbox 554 1399 631 1463; x_wconf 81' lang='lat' dir='ltr'>ego:</span> <span class='ocrx_word' id='word_1_57' title='bbox 652 1400 722 1445; x_wconf 89' lang='lat' dir='ltr'>uam</span> <span class='ocrx_word' id='word_1_58' title='bbox 743 1383 820 1444; x_wconf 86' lang='lat' dir='ltr'>satis</span> <span class='ocrx_word' id='word_1_59' title='bbox 843 1390 890 1443; x_wconf 90' lang='lat' dir='ltr'>est</span> <span class='ocrx_word' id='word_1_60' title='bbox 912 1384 1042 1471; x_wconf 86' lang='lat' dir='ltr'>equitem</span> <span class='ocrx_word' id='word_1_61' title='bbox 1054 1385 1128 1447; x_wconf 77' lang='lat' dir='ltr'>milri</span> <span class='ocrx_word' id='word_1_62' title='bbox 1143 1384 1296 1464; x_wconf 88' lang='lat' dir='ltr'>plaudere,</span> <span class='ocrx_word' id='word_1_63' title='bbox 1316 1383 1437 1446; x_wconf 86' lang='lat' dir='ltr'>utaudar</span> 
     </span>
     <span class='ocr_line' id='line_1_10' title="bbox 465 1488 1206 1570; baseline 0 -18"><span class='ocrx_word' id='word_1_64' title='bbox 465 1489 655 1570; x_wconf 77' lang='lat' dir='ltr'>Contemptis</span> <span class='ocrx_word' id='word_1_65' title='bbox 679 1488 750 1552; x_wconf 88' lang='lat' dir='ltr'>aliis</span> <span class='ocrx_word' id='word_1_66' title='bbox 771 1489 901 1570; x_wconf 80' lang='lat' dir='ltr'>explosa</span> <span class='ocrx_word' id='word_1_67' title='bbox 922 1490 1095 1554; x_wconf 80' lang='lat' dir='ltr'>Arbuscula</span> <span class='ocrx_word' id='word_1_68' title='bbox 1116 1491 1206 1554; x_wconf 84' lang='lat' dir='ltr'>dixit</span> 
     </span>
     <span class='ocr_line' id='line_1_11' title="bbox 466 1595 1303 1685; baseline 0 -26"><span class='ocrx_word' id='word_1_69' title='bbox 466 1597 537 1659; x_wconf 79' lang='lat' dir='ltr'>dlen</span> <span class='ocrx_word' id='word_1_70' title='bbox 556 1602 679 1659; x_wconf 85' lang='lat' dir='ltr'>moreat</span> <span class='ocrx_word' id='word_1_71' title='bbox 699 1595 798 1658; x_wconf 81' lang='lat' dir='ltr'>cimex</span> <span class='ocrx_word' id='word_1_72' title='bbox 818 1598 989 1677; x_wconf 84' lang='lat' dir='ltr'>Pantilius,</span> <span class='ocrx_word' id='word_1_73' title='bbox 1011 1606 1066 1661; x_wconf 91' lang='lat' dir='ltr'>aut</span> <span class='ocrx_word' id='word_1_74' title='bbox 1077 1600 1204 1685; x_wconf 44' lang='lat' dir='ltr'>⁸cruciet</span> <span class='ocrx_word' id='word_1_75' title='bbox 1228 1599 1303 1681; x_wconf 86' lang='lat' dir='ltr'>quod</span> 
     </span>
     <span class='ocr_line' id='line_1_12' title="bbox 465 1684 1310 1788; baseline -0.001 -21"><span class='ocrx_word' id='word_1_76' title='bbox 465 1684 595 1767; x_wconf 80' lang='lat' dir='ltr'>Vellicct</span> <span class='ocrx_word' id='word_1_77' title='bbox 615 1703 774 1767; x_wconf 80' lang='lat' dir='ltr'>absentem</span> <span class='ocrx_word' id='word_1_78' title='bbox 792 1704 979 1783; x_wconf 82' lang='lat' dir='ltr'>liemctrius‚</span> <span class='ocrx_word' id='word_1_79' title='bbox 1002 1715 1055 1768; x_wconf 91' lang='lat' dir='ltr'>aut</span> <span class='ocrx_word' id='word_1_80' title='bbox 1075 1707 1157 1788; x_wconf 86' lang='lat' dir='ltr'>qaod</span> <span class='ocrx_word' id='word_1_81' title='bbox 1181 1707 1310 1787; x_wconf 85' lang='lat' dir='ltr'>ineptus</span> 
     </span>
    </p>

    <p class='ocr_par' dir='ltr' id='par_1_5' title="bbox 416 1810 1332 2329">
     <span class='ocr_line' id='line_1_13' title="bbox 416 1810 1263 1899; baseline 0.005 -29"><span class='ocrx_word' id='word_1_82' title='bbox 416 1830 446 1870; x_wconf 91' lang='lat' dir='ltr'>so</span> <span class='ocrx_word' id='word_1_83' title='bbox 467 1810 601 1873; x_wconf 77' lang='lat' dir='ltr'>Fannius</span> <span class='ocrx_word' id='word_1_84' title='bbox 625 1810 827 1893; x_wconf 75' lang='lat' dir='ltr'>Hermogenis</span> <span class='ocrx_word' id='word_1_85' title='bbox 850 1811 955 1874; x_wconf 89' lang='lat' dir='ltr'>laedat</span> <span class='ocrx_word' id='word_1_86' title='bbox 972 1813 1103 1876; x_wconf 86' lang='lat' dir='ltr'>conviva</span> <span class='ocrx_word' id='word_1_87' title='bbox 1126 1814 1263 1899; x_wconf 78' lang='lat' dir='ltr'>Tigellil</span> 
     </span>
     <span class='ocr_line' id='line_1_14' title="bbox 467 1917 1231 2003; baseline 0.003 -24"><span class='ocrx_word' id='word_1_88' title='bbox 467 1917 584 1979; x_wconf 89' lang='lat' dir='ltr'>Plotius</span> <span class='ocrx_word' id='word_1_89' title='bbox 605 1925 637 1979; x_wconf 90' lang='lat' dir='ltr'>et</span> <span class='ocrx_word' id='word_1_90' title='bbox 661 1918 791 1997; x_wconf 89' lang='lat' dir='ltr'>Varius,</span> <span class='ocrx_word' id='word_1_91' title='bbox 815 1920 983 1981; x_wconf 77' lang='lat' dir='ltr'>Maecenas</span> <span class='ocrx_word' id='word_1_92' title='bbox 1003 1919 1231 2003; x_wconf 80' lang='lat' dir='ltr'>Virgiliusquc‚</span> 
     </span>
     <span class='ocr_line' id='line_1_15' title="bbox 468 2025 1309 2109; baseline 0 -21"><span class='ocrx_word' id='word_1_93' title='bbox 468 2025 600 2107; x_wconf 84' lang='lat' dir='ltr'>Valgius</span> <span class='ocrx_word' id='word_1_94' title='bbox 620 2031 652 2088; x_wconf 92' lang='lat' dir='ltr'>et</span> <span class='ocrx_word' id='word_1_95' title='bbox 674 2025 783 2107; x_wconf 83' lang='lat' dir='ltr'>prolret</span> <span class='ocrx_word' id='word_1_96' title='bbox 804 2027 880 2089; x_wconf 83' lang='lat' dir='ltr'>lraec</span> <span class='ocrx_word' id='word_1_97' title='bbox 899 2026 1047 2089; x_wconf 80' lang='lat' dir='ltr'>(ictarius</span> <span class='ocrx_word' id='word_1_98' title='bbox 1068 2027 1199 2108; x_wconf 85' lang='lat' dir='ltr'>optimus</span> <span class='ocrx_word' id='word_1_99' title='bbox 1221 2035 1309 2109; x_wconf 87' lang='lat' dir='ltr'>atquc</span> 
     </span>
     <span class='ocr_line' id='line_1_16' title="bbox 467 2132 1332 2217; baseline -0.002 -23"><span class='ocrx_word' id='word_1_100' title='bbox 467 2132 582 2194; x_wconf 74' lang='lat' dir='ltr'>Fuscus</span> <span class='ocrx_word' id='word_1_101' title='bbox 603 2141 633 2194; x_wconf 93' lang='lat' dir='ltr'>et</span> <span class='ocrx_word' id='word_1_102' title='bbox 656 2133 732 2195; x_wconf 85' lang='lat' dir='ltr'>haec</span> <span class='ocrx_word' id='word_1_103' title='bbox 753 2134 869 2196; x_wconf 88' lang='lat' dir='ltr'>utinam</span> <span class='ocrx_word' id='word_1_104' title='bbox 893 2134 1051 2195; x_wconf 83' lang='lat' dir='ltr'>Viscorum</span> <span class='ocrx_word' id='word_1_105' title='bbox 1074 2132 1179 2196; x_wconf 82' lang='lat' dir='ltr'>laudet</span> <span class='ocrx_word' id='word_1_106' title='bbox 1201 2142 1332 2217; x_wconf 85' lang='lat' dir='ltr'>uterquc.</span> 
     </span>
     <span class='ocr_line' id='line_1_17' title="bbox 460 2236 1152 2329; baseline 0.001 -28"><span class='ocrx_word' id='word_1_107' title='bbox 460 2236 639 2304; x_wconf 69' lang='lat' dir='ltr'>&#39;Ambitione</span> <span class='ocrx_word' id='word_1_108' title='bbox 659 2242 805 2323; x_wconf 83' lang='lat' dir='ltr'>relegata</span> <span class='ocrx_word' id='word_1_109' title='bbox 825 2249 856 2302; x_wconf 90' lang='lat' dir='ltr'>te</span> <span class='ocrx_word' id='word_1_110' title='bbox 875 2241 979 2303; x_wconf 90' lang='lat' dir='ltr'>dicere</span> <span class='ocrx_word' id='word_1_111' title='bbox 1001 2259 1152 2329; x_wconf 75' lang='lat' dir='ltr'>possum,</span> 
     </span>
    </p>

    <p class='ocr_par' dir='ltr' id='par_1_6' title="bbox 418 2346 1501 2759">
     <span class='ocr_line' id='line_1_18' title="bbox 418 2346 1298 2428; baseline -0.001 -20"><span class='ocrx_word' id='word_1_112' title='bbox 418 2366 447 2408; x_wconf 77' lang='lat' dir='ltr'>ss</span> <span class='ocrx_word' id='word_1_113' title='bbox 471 2346 586 2419; x_wconf 89' lang='lat' dir='ltr'>Pollio,</span> <span class='ocrx_word' id='word_1_114' title='bbox 607 2354 658 2424; x_wconf 89' lang='lat' dir='ltr'>te,</span> <span class='ocrx_word' id='word_1_115' title='bbox 676 2348 842 2425; x_wconf 88' lang='lat' dir='ltr'>ltlessalla,</span> <span class='ocrx_word' id='word_1_116' title='bbox 866 2354 918 2409; x_wconf 90' lang='lat' dir='ltr'>tuo</span> <span class='ocrx_word' id='word_1_117' title='bbox 939 2366 1005 2409; x_wconf 91' lang='lat' dir='ltr'>cum</span> <span class='ocrx_word' id='word_1_118' title='bbox 1030 2350 1129 2410; x_wconf 87' lang='lat' dir='ltr'>lratre</span> <span class='ocrx_word' id='word_1_119' title='bbox 1149 2348 1298 2428; x_wconf 86' lang='lat' dir='ltr'>simulque</span> 
     </span>
     <span class='ocr_line' id='line_1_19' title="bbox 472 2444 1501 2533; baseline -0.005 -15"><span class='ocrx_word' id='word_1_120' title='bbox 472 2457 554 2528; x_wconf 88' lang='lat' dir='ltr'>Vos,</span> <span class='ocrx_word' id='word_1_121' title='bbox 578 2454 678 2519; x_wconf 85' lang='lat' dir='ltr'>llilruli</span> <span class='ocrx_word' id='word_1_122' title='bbox 701 2463 732 2516; x_wconf 91' lang='lat' dir='ltr'>et</span> <span class='ocrx_word' id='word_1_123' title='bbox 751 2455 864 2533; x_wconf 86' lang='lat' dir='ltr'>Servi,</span> <span class='ocrx_word' id='word_1_124' title='bbox 886 2455 975 2517; x_wconf 90' lang='lat' dir='ltr'>simul</span> <span class='ocrx_word' id='word_1_125' title='bbox 995 2453 1046 2521; x_wconf 83' lang='lat' dir='ltr'>his</span> <span class='ocrx_word' id='word_1_126' title='bbox 1067 2460 1119 2529; x_wconf 91' lang='lat' dir='ltr'>te,</span> <span class='ocrx_word' id='word_1_127' title='bbox 1140 2455 1272 2517; x_wconf 88' lang='lat' dir='ltr'>candide</span> <span class='ocrx_word' id='word_1_128' title='bbox 1293 2453 1395 2525; x_wconf 76' lang='lat' dir='ltr'>Furni,</span> <span class='ocrx_word' id='word_1_129' title='bbox 1500 2444 1501 2451; x_wconf 60' lang='lat'><em>&#39;</em></span> 
     </span>
     <span class='ocr_line' id='line_1_20' title="bbox 465 2561 1259 2643; baseline -0.003 -19"><span class='ocrx_word' id='word_1_130' title='bbox 465 2561 646 2643; x_wconf 78' lang='lat' dir='ltr'>Complures</span> <span class='ocrx_word' id='word_1_131' title='bbox 668 2561 765 2639; x_wconf 87' lang='lat' dir='ltr'>alios,</span> <span class='ocrx_word' id='word_1_132' title='bbox 785 2561 893 2623; x_wconf 86' lang='lat' dir='ltr'>doctos</span> <span class='ocrx_word' id='word_1_133' title='bbox 914 2580 974 2643; x_wconf 79' lang='lat' dir='ltr'>ego</span> <span class='ocrx_word' id='word_1_134' title='bbox 995 2580 1071 2643; x_wconf 86' lang='lat' dir='ltr'>quos</span> <span class='ocrx_word' id='word_1_135' title='bbox 1091 2568 1122 2622; x_wconf 91' lang='lat' dir='ltr'>et</span> <span class='ocrx_word' id='word_1_136' title='bbox 1144 2563 1259 2623; x_wconf 88' lang='lat' dir='ltr'>amicos</span> 
     </span>
     <span class='ocr_line' id='line_1_21' title="bbox 467 2654 1390 2759; baseline -0.008 -27"><span class='ocrx_word' id='word_1_137' title='bbox 467 2669 604 2733; x_wconf 82' lang='lat' dir='ltr'>Prudens</span> <span class='ocrx_word' id='word_1_138' title='bbox 625 2677 803 2759; x_wconf 64' lang='lat' dir='ltr'>praetorem</span> <span class='ocrx_word' id='word_1_139' title='bbox 821 2654 935 2750; x_wconf 76' lang='lat' dir='ltr'>&#39;quihus</span> <span class='ocrx_word' id='word_1_140' title='bbox 955 2666 1050 2749; x_wconf 83' lang='lat' dir='ltr'>liaeo,</span> <span class='ocrx_word' id='word_1_141' title='bbox 1070 2674 1143 2730; x_wconf 91' lang='lat' dir='ltr'>sunt</span> <span class='ocrx_word' id='word_1_142' title='bbox 1162 2668 1390 2749; x_wconf 87' lang='lat' dir='ltr'>qualiacunque,</span> 
     </span>
    </p>
   </div>
   <div class='ocr_carea' id='block_1_3' title="bbox 380 2872 1499 3222">
    <p class='ocr_par' dir='ltr' id='par_1_7' title="bbox 380 2872 1499 3222">
     <span class='ocr_line' id='line_1_22' title="bbox 383 2872 1443 2944; baseline -0.008 -18"><span class='ocrx_word' id='word_1_143' title='bbox 383 2875 487 2944; x_wconf 71' lang='lat' dir='ltr'>ditum]</span> <span class='ocrx_word' id='word_1_144' title='bbox 508 2876 530 2925; x_wconf 92' lang='lat' dir='ltr'>si</span> <span class='ocrx_word' id='word_1_145' title='bbox 551 2875 714 2925; x_wconf 86' lang='lat' dir='ltr'>etiamnunc</span> <span class='ocrx_word' id='word_1_146' title='bbox 733 2875 852 2935; x_wconf 81' lang='lat' dir='ltr'>viverct3</span> <span class='ocrx_word' id='word_1_147' title='bbox 878 2886 947 2923; x_wconf 88' lang='lat' dir='ltr'>aon:</span> <span class='ocrx_word' id='word_1_148' title='bbox 975 2873 996 2922; x_wconf 86' lang='lat' dir='ltr'>si</span> <span class='ocrx_word' id='word_1_149' title='bbox 1020 2872 1070 2923; x_wconf 88' lang='lat' dir='ltr'>hoc</span> <span class='ocrx_word' id='word_1_150' title='bbox 1088 2880 1206 2939; x_wconf 86' lang='lat' dir='ltr'>temporo</span> <span class='ocrx_word' id='word_1_151' title='bbox 1223 2880 1298 2923; x_wconf 90' lang='lat' dir='ltr'>natus</span> <span class='ocrx_word' id='word_1_152' title='bbox 1318 2872 1405 2920; x_wconf 87' lang='lat' dir='ltr'>luisset.</span> <span class='ocrx_word' id='word_1_153' title='bbox 1420 2896 1443 2908; x_wconf 90' lang='lat'>-</span> 
     </span>
     <span class='ocr_line' id='line_1_23' title="bbox 380 2939 1499 3015; baseline -0.012 -19"><span class='ocrx_word' id='word_1_154' title='bbox 380 2946 537 3015; x_wconf 69' lang='lat' dir='ltr'>traheretur]</span> <span class='ocrx_word' id='word_1_155' title='bbox 558 2944 581 2994; x_wconf 79' lang='grc' dir='ltr'><strong>Α</strong></span> <span class='ocrx_word' id='word_1_156' title='bbox 599 2944 704 2996; x_wconf 83' lang='lat' dir='ltr'>flamine</span> <span class='ocrx_word' id='word_1_157' title='bbox 722 2952 850 3009; x_wconf 90' lang='lat' dir='ltr'>sumptum</span> <span class='ocrx_word' id='word_1_158' title='bbox 872 2942 1044 3004; x_wconf 67' lang='lat' dir='ltr'>vocabulum</span> <span class='ocrx_word' id='word_1_159' title='bbox 1063 2942 1159 2994; x_wconf 87' lang='lat' dir='ltr'>fluebat</span> <span class='ocrx_word' id='word_1_160' title='bbox 1180 2944 1248 2993; x_wconf 86' lang='lat' dir='ltr'>enirn</span> <span class='ocrx_word' id='word_1_161' title='bbox 1270 2940 1376 2992; x_wconf 85' lang='lat' dir='ltr'>Lucilius</span> <span class='ocrx_word' id='word_1_162' title='bbox 1391 2939 1441 2986; x_wconf 88' lang='lat' dir='ltr'>latu·</span> <span class='ocrx_word' id='word_1_163' title='bbox 1498 2974 1499 3013; x_wconf 70' lang='lat'><em>2</em></span> 
     </span>
     <span class='ocr_line' id='line_1_24' title="bbox 380 3009 1442 3083; baseline -0.003 -19"><span class='ocrx_word' id='word_1_164' title='bbox 380 3015 475 3066; x_wconf 89' lang='lat' dir='ltr'>lentus.</span> <span class='ocrx_word' id='word_1_165' title='bbox 495 3047 528 3060; x_wconf 80' lang='lat'>-</span> <span class='ocrx_word' id='word_1_166' title='bbox 539 3017 616 3079; x_wconf 61' lang='lat' dir='ltr'>,siros</span> <span class='ocrx_word' id='word_1_167' title='bbox 631 3019 739 3083; x_wconf 64' lang='grc' dir='ltr'>πηρασε]</span> <span class='ocrx_word' id='word_1_168' title='bbox 764 3028 847 3081; x_wconf 88' lang='lat' dir='ltr'>usque</span> <span class='ocrx_word' id='word_1_169' title='bbox 864 3012 992 3063; x_wconf 83' lang='lat' dir='ltr'>advivam</span> <span class='ocrx_word' id='word_1_170' title='bbox 1003 3028 1124 3075; x_wconf 55' lang='lat' dir='ltr'>caucum</span> <span class='ocrx_word' id='word_1_171' title='bbox 1143 3021 1262 3079; x_wconf 79' lang='lat' dir='ltr'>prostans</span> <span class='ocrx_word' id='word_1_172' title='bbox 1278 3027 1335 3080; x_wconf 86' lang='lat' dir='ltr'>pars</span> <span class='ocrx_word' id='word_1_173' title='bbox 1347 3009 1442 3076; x_wconf 70' lang='lat' dir='ltr'>angaltii</span> 
     </span>
     <span class='ocr_line' id='line_1_25' title="bbox 380 3077 1443 3153; baseline -0.008 -17"><span class='ocrx_word' id='word_1_174' title='bbox 380 3088 432 3137; x_wconf 86' lang='lat' dir='ltr'>vita</span> <span class='ocrx_word' id='word_1_175' title='bbox 450 3094 535 3150; x_wconf 89' lang='lat' dir='ltr'>caret,</span> <span class='ocrx_word' id='word_1_176' title='bbox 556 3084 617 3135; x_wconf 91' lang='lat' dir='ltr'>inde</span> <span class='ocrx_word' id='word_1_177' title='bbox 634 3087 683 3151; x_wconf 89' lang='lat' dir='ltr'>ipsi</span> <span class='ocrx_word' id='word_1_178' title='bbox 704 3086 757 3134; x_wconf 79' lang='lat' dir='ltr'>rivi</span> <span class='ocrx_word' id='word_1_179' title='bbox 775 3083 904 3133; x_wconf 89' lang='lat' dir='ltr'>dicuntur.</span> <span class='ocrx_word' id='word_1_180' title='bbox 918 3116 949 3125; x_wconf 93' lang='grc'><strong>-</strong></span> <span class='ocrx_word' id='word_1_181' title='bbox 962 3084 1048 3134; x_wconf 79' lang='lat' dir='ltr'>stilum</span> <span class='ocrx_word' id='word_1_182' title='bbox 1064 3088 1160 3153; x_wconf 74' lang='lat' dir='ltr'>vertas]</span> <span class='ocrx_word' id='word_1_183' title='bbox 1181 3084 1319 3151; x_wconf 74' lang='lat' dir='ltr'>Superiora</span> <span class='ocrx_word' id='word_1_184' title='bbox 1338 3084 1355 3133; x_wconf 88' lang='lat' dir='ltr'>i.</span> <span class='ocrx_word' id='word_1_185' title='bbox 1372 3097 1391 3132; x_wconf 86' lang='lat' dir='ltr'>e.</span> <span class='ocrx_word' id='word_1_186' title='bbox 1408 3077 1443 3127; x_wconf 82' lang='lat' dir='ltr'>nn</span> 
     </span>
     <span class='ocr_line' id='line_1_26' title="bbox 384 3152 1329 3222; baseline -0.003 -17"><span class='ocrx_word' id='word_1_187' title='bbox 384 3157 529 3222; x_wconf 81' lang='lat' dir='ltr'>stili-parte</span> <span class='ocrx_word' id='word_1_188' title='bbox 547 3154 690 3206; x_wconf 87' lang='lat' dir='ltr'>oblitterari</span> <span class='ocrx_word' id='word_1_189' title='bbox 709 3154 829 3205; x_wconf 86' lang='lat' dir='ltr'>solebant</span> <span class='ocrx_word' id='word_1_190' title='bbox 846 3152 923 3205; x_wconf 89' lang='lat' dir='ltr'>malc&#39;</span> <span class='ocrx_word' id='word_1_191' title='bbox 938 3162 1050 3204; x_wconf 84' lang='lat' dir='ltr'>exarata.</span> <span class='ocrx_word' id='word_1_192' title='bbox 1322 3159 1329 3167; x_wconf 95' lang='grc'><em>“</em></span> 
     </span>
    </p>
   </div>
   <div class='ocr_carea' id='block_1_4' title="bbox 376 3250 1498 4597">
    <p class='ocr_par' dir='ltr' id='par_1_8' title="bbox 376 3250 1498 4597">
     <span class='ocr_line' id='line_1_27' title="bbox 451 3250 1440 3330; baseline -0.005 -22"><span class='ocrx_word' id='word_1_193' title='bbox 451 3257 482 3308; x_wconf 86' lang='lat' dir='ltr'>v.</span> <span class='ocrx_word' id='word_1_194' title='bbox 501 3258 544 3310; x_wconf 79' lang='lat'>74.</span> <span class='ocrx_word' id='word_1_195' title='bbox 561 3260 653 3325; x_wconf 82' lang='lat' dir='ltr'>paucis</span> <span class='ocrx_word' id='word_1_196' title='bbox 673 3254 820 3330; x_wconf 74' lang='lat' dir='ltr'>lectoribus}</span> <span class='ocrx_word' id='word_1_197' title='bbox 841 3256 887 3307; x_wconf 87' lang='lat' dir='ltr'>sed</span> <span class='ocrx_word' id='word_1_198' title='bbox 908 3255 1002 3323; x_wconf 89' lang='lat' dir='ltr'>quihus</span> <span class='ocrx_word' id='word_1_199' title='bbox 1021 3265 1119 3307; x_wconf 87' lang='lat' dir='ltr'>rectum</span> <span class='ocrx_word' id='word_1_200' title='bbox 1137 3258 1171 3307; x_wconf 89' lang='lat' dir='ltr'>sit</span> <span class='ocrx_word' id='word_1_201' title='bbox 1190 3254 1321 3305; x_wconf 89' lang='lat' dir='ltr'>iudicium.</span> <span class='ocrx_word' id='word_1_202' title='bbox 1340 3286 1371 3296; x_wconf 90' lang='lat'><em>-</em></span> <span class='ocrx_word' id='word_1_203' title='bbox 1384 3250 1440 3315; x_wconf 70' lang='lat' dir='ltr'>ladit!</span> 
     </span>
     <span class='ocr_line' id='line_1_28' title="bbox 381 3308 1498 3397; baseline -0.003 -21"><span class='ocrx_word' id='word_1_204' title='bbox 381 3327 415 3377; x_wconf 84' lang='lat' dir='ltr'>cl.</span> <span class='ocrx_word' id='word_1_205' title='bbox 434 3327 516 3394; x_wconf 82' lang='lat' dir='ltr'>Epist.</span> <span class='ocrx_word' id='word_1_206' title='bbox 535 3326 556 3389; x_wconf 95' lang='lat' dir='ltr'>l,</span> <span class='ocrx_word' id='word_1_207' title='bbox 575 3327 619 3388; x_wconf 83' lang='lat'>20,</span> <span class='ocrx_word' id='word_1_208' title='bbox 639 3324 679 3377; x_wconf 83' lang='lat'>17.</span> <span class='ocrx_word' id='word_1_209' title='bbox 719 3357 752 3369; x_wconf 92' lang='lat'>·-</span> <span class='ocrx_word' id='word_1_210' title='bbox 787 3308 944 3397; x_wconf 80' lang='lat' dir='ltr'>Ardulcalc]</span> <span class='ocrx_word' id='word_1_211' title='bbox 966 3327 1042 3378; x_wconf 82' lang='lat' dir='ltr'>dlima</span> <span class='ocrx_word' id='word_1_212' title='bbox 1061 3327 1110 3377; x_wconf 82' lang='lat' dir='ltr'>luit</span> <span class='ocrx_word' id='word_1_213' title='bbox 1127 3327 1237 3387; x_wconf 81' lang='lat' dir='ltr'>eximia3</span> <span class='ocrx_word' id='word_1_214' title='bbox 1259 3340 1326 3393; x_wconf 87' lang='lat' dir='ltr'>quae</span> <span class='ocrx_word' id='word_1_215' title='bbox 1343 3319 1442 3374; x_wconf 72' lang='lat' dir='ltr'>cunali·</span> <span class='ocrx_word' id='word_1_216' title='bbox 1497 3372 1498 3383; x_wconf 61' lang='grc'>,</span> 
     </span>
     <span class='ocr_line' id='line_1_29' title="bbox 381 3394 1498 3465; baseline -0.007 -17"><span class='ocrx_word' id='word_1_217' title='bbox 381 3398 483 3465; x_wconf 86' lang='lat' dir='ltr'>quando</span> <span class='ocrx_word' id='word_1_218' title='bbox 504 3413 519 3448; x_wconf 89' lang='lat' dir='ltr'>a</span> <span class='ocrx_word' id='word_1_219' title='bbox 537 3396 699 3448; x_wconf 85' lang='lat' dir='ltr'>multitudiue</span> <span class='ocrx_word' id='word_1_220' title='bbox 711 3396 857 3458; x_wconf 79' lang='lat' dir='ltr'>exsibilans,</span> <span class='ocrx_word' id='word_1_221' title='bbox 875 3413 890 3447; x_wconf 87' lang='lat' dir='ltr'>a</span> <span class='ocrx_word' id='word_1_222' title='bbox 905 3398 996 3463; x_wconf 84' lang='lat' dir='ltr'>paucis</span> <span class='ocrx_word' id='word_1_223' title='bbox 1015 3397 1144 3464; x_wconf 82' lang='lat' dir='ltr'>equitibus</span> <span class='ocrx_word' id='word_1_224' title='bbox 1163 3396 1265 3446; x_wconf 83' lang='lat' dir='ltr'>laudata</span> <span class='ocrx_word' id='word_1_225' title='bbox 1284 3404 1358 3459; x_wconf 80' lang='lat' dir='ltr'>esset,</span> <span class='ocrx_word' id='word_1_226' title='bbox 1376 3394 1442 3443; x_wconf 80' lang='lat' dir='ltr'>tona</span> <span class='ocrx_word' id='word_1_227' title='bbox 1497 3414 1498 3423; x_wconf 49' lang='lat'>1</span> 
     </span>
     <span class='ocr_line' id='line_1_30' title="bbox 379 3462 1443 3535; baseline -0.009 -16"><span class='ocrx_word' id='word_1_228' title='bbox 379 3484 409 3519; x_wconf 91' lang='lat' dir='ltr'>se</span> <span class='ocrx_word' id='word_1_229' title='bbox 426 3469 587 3535; x_wconf 87' lang='lat' dir='ltr'>pnrdentium</span> <span class='ocrx_word' id='word_1_230' title='bbox 605 3466 707 3517; x_wconf 86' lang='lat' dir='ltr'>laudern</span> <span class='ocrx_word' id='word_1_231' title='bbox 719 3469 854 3534; x_wconf 87' lang='lat' dir='ltr'>imperitae</span> <span class='ocrx_word' id='word_1_232' title='bbox 867 3467 1036 3518; x_wconf 87' lang='lat' dir='ltr'>multitudinis</span> <span class='ocrx_word' id='word_1_233' title='bbox 1055 3469 1237 3534; x_wconf 81' lang='lat' dir='ltr'>vituperationi</span> <span class='ocrx_word' id='word_1_234' title='bbox 1252 3466 1330 3533; x_wconf 80' lang='lat' dir='ltr'>longo</span> <span class='ocrx_word' id='word_1_235' title='bbox 1340 3462 1443 3533; x_wconf 84' lang='lat' dir='ltr'>praelerre</span> 
     </span>
     <span class='ocr_line' id='line_1_31' title="bbox 380 3532 1497 3606; baseline -0.007 -17"><span class='ocrx_word' id='word_1_236' title='bbox 380 3540 453 3590; x_wconf 83' lang='lat' dir='ltr'>dixit.</span> <span class='ocrx_word' id='word_1_237' title='bbox 485 3570 516 3581; x_wconf 91' lang='lat'><em>-</em></span> <span class='ocrx_word' id='word_1_238' title='bbox 546 3537 683 3606; x_wconf 82' lang='lat' dir='ltr'>Pantilius]</span> <span class='ocrx_word' id='word_1_239' title='bbox 707 3537 805 3589; x_wconf 86' lang='lat' dir='ltr'>Nomen</span> <span class='ocrx_word' id='word_1_240' title='bbox 824 3544 864 3588; x_wconf 86' lang='lat' dir='ltr'>est</span> <span class='ocrx_word' id='word_1_241' title='bbox 882 3537 942 3588; x_wconf 90' lang='lat' dir='ltr'>mali</span> <span class='ocrx_word' id='word_1_242' title='bbox 961 3545 1063 3604; x_wconf 83' lang='lat' dir='ltr'>poetae,</span> <span class='ocrx_word' id='word_1_243' title='bbox 1080 3540 1125 3606; x_wconf 90' lang='lat' dir='ltr'>qui</span> <span class='ocrx_word' id='word_1_244' title='bbox 1146 3553 1203 3588; x_wconf 90' lang='lat' dir='ltr'>curn</span> <span class='ocrx_word' id='word_1_245' title='bbox 1222 3537 1289 3588; x_wconf 88' lang='lat' dir='ltr'>clara</span> <span class='ocrx_word' id='word_1_246' title='bbox 1309 3532 1442 3587; x_wconf 72' lang='lat' dir='ltr'>adversarior</span> <span class='ocrx_word' id='word_1_247' title='bbox 1496 3590 1497 3599; x_wconf 49' lang='lat'>,</span> 
     </span>
     <span class='ocr_line' id='line_1_32' title="bbox 379 3598 1497 3677; baseline -0.007 -15"><span class='ocrx_word' id='word_1_248' title='bbox 379 3602 522 3677; x_wconf 61' lang='lat' dir='ltr'>pauperet,</span> <span class='ocrx_word' id='word_1_249' title='bbox 540 3611 624 3659; x_wconf 75' lang='lat' dir='ltr'>cimex</span> <span class='ocrx_word' id='word_1_250' title='bbox 638 3607 734 3658; x_wconf 87' lang='lat' dir='ltr'>acerba</span> <span class='ocrx_word' id='word_1_251' title='bbox 751 3607 853 3659; x_wconf 74' lang='lat' dir='ltr'>dicitur,</span> <span class='ocrx_word' id='word_1_252' title='bbox 892 3641 926 3650; x_wconf 88' lang='lat'><em>-</em></span> <span class='ocrx_word' id='word_1_253' title='bbox 963 3608 1120 3677; x_wconf 66' lang='lat' dir='ltr'>Demetrias]</span> <span class='ocrx_word' id='word_1_254' title='bbox 1141 3606 1209 3659; x_wconf 88' lang='lat' dir='ltr'>idem</span> <span class='ocrx_word' id='word_1_255' title='bbox 1230 3609 1274 3675; x_wconf 90' lang='lat' dir='ltr'>qui</span> <span class='ocrx_word' id='word_1_256' title='bbox 1294 3622 1368 3673; x_wconf 88' lang='lat' dir='ltr'>supra</span> <span class='ocrx_word' id='word_1_257' title='bbox 1383 3618 1403 3653; x_wconf 85' lang='lat' dir='ltr'>r.</span> <span class='ocrx_word' id='word_1_258' title='bbox 1420 3598 1442 3650; x_wconf 78' lang='grc'>13</span> <span class='ocrx_word' id='word_1_259' title='bbox 1496 3622 1497 3645; x_wconf 65' lang='lat' dir='ltr'>i</span> 
     </span>
     <span class='ocr_line' id='line_1_33' title="bbox 380 3670 1441 3748; baseline -0.006 -18"><span class='ocrx_word' id='word_1_260' title='bbox 380 3682 470 3732; x_wconf 83' lang='lat' dir='ltr'>simius</span> <span class='ocrx_word' id='word_1_261' title='bbox 488 3680 566 3731; x_wconf 88' lang='lat' dir='ltr'>audit.</span> <span class='ocrx_word' id='word_1_262' title='bbox 587 3710 621 3720; x_wconf 86' lang='lat'>-</span> <span class='ocrx_word' id='word_1_263' title='bbox 638 3679 762 3748; x_wconf 78' lang='lat' dir='ltr'>Fannius}</span> <span class='ocrx_word' id='word_1_264' title='bbox 784 3679 896 3730; x_wconf 87' lang='lat' dir='ltr'>Fannius</span> <span class='ocrx_word' id='word_1_265' title='bbox 914 3679 1066 3742; x_wconf 84' lang='lat' dir='ltr'>Quadratus.</span> <span class='ocrx_word' id='word_1_266' title='bbox 1095 3679 1148 3732; x_wconf 88' lang='lat' dir='ltr'>Sat.</span> <span class='ocrx_word' id='word_1_267' title='bbox 1167 3678 1187 3741; x_wconf 90' lang='lat' dir='ltr'>l,</span> <span class='ocrx_word' id='word_1_268' title='bbox 1203 3679 1230 3742; x_wconf 79' lang='lat' dir='ltr'>t,</span> <span class='ocrx_word' id='word_1_269' title='bbox 1247 3680 1291 3729; x_wconf 79' lang='lat' dir='ltr'>et.</span> <span class='ocrx_word' id='word_1_270' title='bbox 1312 3708 1344 3718; x_wconf 91' lang='lat'><em>-</em></span> <span class='ocrx_word' id='word_1_271' title='bbox 1361 3670 1441 3737; x_wconf 72' lang='lat' dir='ltr'>rotat</span> 
     </span>
     <span class='ocr_line' id='line_1_34' title="bbox 382 3743 1442 3815; baseline -0.006 -14"><span class='ocrx_word' id='word_1_272' title='bbox 382 3750 442 3802; x_wconf 84' lang='lat' dir='ltr'>ride</span> <span class='ocrx_word' id='word_1_273' title='bbox 460 3750 492 3805; x_wconf 88' lang='lat' dir='ltr'>ad</span> <span class='ocrx_word' id='word_1_274' title='bbox 510 3752 561 3804; x_wconf 82' lang='lat' dir='ltr'>Sat</span> <span class='ocrx_word' id='word_1_275' title='bbox 580 3750 601 3812; x_wconf 89' lang='lat' dir='ltr'>l,</span> <span class='ocrx_word' id='word_1_276' title='bbox 620 3751 646 3811; x_wconf 81' lang='lat'>5,</span> <span class='ocrx_word' id='word_1_277' title='bbox 663 3749 707 3800; x_wconf 68' lang='lat'>40.</span> <span class='ocrx_word' id='word_1_278' title='bbox 744 3749 784 3799; x_wconf 85' lang='lat' dir='ltr'>De</span> <span class='ocrx_word' id='word_1_279' title='bbox 804 3748 897 3815; x_wconf 77' lang='lat' dir='ltr'>Valgid</span> <span class='ocrx_word' id='word_1_280' title='bbox 914 3749 947 3799; x_wconf 91' lang='lat' dir='ltr'>ad</span> <span class='ocrx_word' id='word_1_281' title='bbox 964 3751 1046 3800; x_wconf 86' lang='lat' dir='ltr'>Cana.</span> <span class='ocrx_word' id='word_1_282' title='bbox 1066 3749 1099 3813; x_wconf 85' lang='lat' dir='ltr'>ll,</span> <span class='ocrx_word' id='word_1_283' title='bbox 1116 3749 1150 3814; x_wconf 85' lang='lat'>9,</span> <span class='ocrx_word' id='word_1_284' title='bbox 1168 3747 1201 3799; x_wconf 85' lang='lat' dir='ltr'>de</span> <span class='ocrx_word' id='word_1_285' title='bbox 1221 3750 1318 3801; x_wconf 78' lang='lat' dir='ltr'>Aristio</span> <span class='ocrx_word' id='word_1_286' title='bbox 1335 3745 1364 3797; x_wconf 89' lang='lat' dir='ltr'>ad</span> <span class='ocrx_word' id='word_1_287' title='bbox 1379 3743 1442 3795; x_wconf 81' lang='lat' dir='ltr'>Caru-</span> 
     </span>
     <span class='ocr_line' id='line_1_35' title="bbox 378 3818 1441 3901; baseline -0.007 -29"><span class='ocrx_word' id='word_1_288' title='bbox 378 3820 399 3884; x_wconf 96' lang='lat' dir='ltr'>l,</span> <span class='ocrx_word' id='word_1_289' title='bbox 418 3822 463 3883; x_wconf 77' lang='lat'>22,</span> <span class='ocrx_word' id='word_1_290' title='bbox 481 3821 514 3872; x_wconf 88' lang='lat' dir='ltr'>de</span> <span class='ocrx_word' id='word_1_291' title='bbox 531 3821 615 3871; x_wconf 88' lang='lat' dir='ltr'>Viscis</span> <span class='ocrx_word' id='word_1_292' title='bbox 634 3820 666 3870; x_wconf 91' lang='lat' dir='ltr'>ad</span> <span class='ocrx_word' id='word_1_293' title='bbox 684 3820 737 3871; x_wconf 85' lang='lat' dir='ltr'>Sat.</span> <span class='ocrx_word' id='word_1_294' title='bbox 751 3819 776 3901; x_wconf 74' lang='lat'>.¹’</span> <span class='ocrx_word' id='word_1_295' title='bbox 791 3820 826 3883; x_wconf 79' lang='lat' dir='ltr'>o,</span> <span class='ocrx_word' id='word_1_296' title='bbox 838 3820 881 3872; x_wconf 78' lang='lat'>22.</span> <span class='ocrx_word' id='word_1_297' title='bbox 920 3819 1138 3901; x_wconf 73' lang='lat' dir='ltr'>Octauiuspacta</span> <span class='ocrx_word' id='word_1_298' title='bbox 1158 3818 1206 3869; x_wconf 86' lang='lat' dir='ltr'>fait</span> <span class='ocrx_word' id='word_1_299' title='bbox 1225 3829 1251 3869; x_wconf 88' lang='lat' dir='ltr'>et</span> <span class='ocrx_word' id='word_1_300' title='bbox 1271 3819 1441 3892; x_wconf 54' lang='lat' dir='ltr'>historicusj</span> 
     </span>
     <span class='ocr_line' id='line_1_36' title="bbox 379 3881 1496 4034; baseline -0.002 -21"><span class='ocrx_word' id='word_1_301' title='bbox 379 3888 1284 4027; x_wconf 51' lang='lat' dir='ltr'>atticotostotstr,latitattnttttto</span> <span class='ocrx_word' id='word_1_302' title='bbox 1302 3881 1441 4034; x_wconf 51' lang='lat' dir='ltr'>trtltll&#39;ff</span> <span class='ocrx_word' id='word_1_303' title='bbox 1495 3952 1496 4011; x_wconf 67' lang='lat' dir='ltr'>i</span> 
     </span>
     <span class='ocr_line' id='line_1_37' title="bbox 379 4018 1496 4107; baseline -0.009 -24"><span class='ocrx_word' id='word_1_304' title='bbox 379 4030 476 4100; x_wconf 74' lang='lat' dir='ltr'>aaut]</span> <span class='ocrx_word' id='word_1_305' title='bbox 506 4032 550 4083; x_wconf 83' lang='lat' dir='ltr'>Sic</span> <span class='ocrx_word' id='word_1_306' title='bbox 573 4045 664 4082; x_wconf 89' lang='lat' dir='ltr'>omues</span> <span class='ocrx_word' id='word_1_307' title='bbox 683 4030 806 4095; x_wconf 88' lang='lat' dir='ltr'>codices,</span> <span class='ocrx_word' id='word_1_308' title='bbox 834 4046 900 4097; x_wconf 86' lang='lat' dir='ltr'>quos</span> <span class='ocrx_word' id='word_1_309' title='bbox 924 4046 970 4081; x_wconf 89' lang='lat' dir='ltr'>cur</span> <span class='ocrx_word' id='word_1_310' title='bbox 987 4031 1091 4097; x_wconf 90' lang='lat' dir='ltr'>plurimi</span> <span class='ocrx_word' id='word_1_311' title='bbox 1109 4029 1222 4107; x_wconf 68' lang='lat' dir='ltr'>editores</span> <span class='ocrx_word' id='word_1_312' title='bbox 1244 4026 1439 4096; x_wconf 78' lang='lat' dir='ltr'>post&#39;llentlerur</span> <span class='ocrx_word' id='word_1_313' title='bbox 1495 4018 1496 4043; x_wconf 63' lang='lat'>¹</span> 
     </span>
     <span class='ocr_line' id='line_1_38' title="bbox 379 4099 1440 4168; baseline -0.004 -15"><span class='ocrx_word' id='word_1_314' title='bbox 379 4102 531 4168; x_wconf 82' lang='lat' dir='ltr'>reliquerint</span> <span class='ocrx_word' id='word_1_315' title='bbox 547 4116 600 4152; x_wconf 85' lang='lat' dir='ltr'>uon</span> <span class='ocrx_word' id='word_1_316' title='bbox 619 4102 682 4152; x_wconf 87' lang='lat' dir='ltr'>satis</span> <span class='ocrx_word' id='word_1_317' title='bbox 702 4114 797 4152; x_wconf 79' lang='lat' dir='ltr'>caueae</span> <span class='ocrx_word' id='word_1_318' title='bbox 812 4116 870 4151; x_wconf 88' lang='lat' dir='ltr'>esse</span> <span class='ocrx_word' id='word_1_319' title='bbox 891 4100 976 4151; x_wconf 87' lang='lat' dir='ltr'>video.</span> <span class='ocrx_word' id='word_1_320' title='bbox 1018 4100 1119 4151; x_wconf 81' lang='lat' dir='ltr'>Etenim</span> <span class='ocrx_word' id='word_1_321' title='bbox 1144 4099 1233 4167; x_wconf 88' lang='lat' dir='ltr'>quidni</span> <span class='ocrx_word' id='word_1_322' title='bbox 1261 4099 1382 4165; x_wconf 83' lang='lat' dir='ltr'>pluralem</span> <span class='ocrx_word' id='word_1_323' title='bbox 1400 4104 1440 4141; x_wconf 68' lang='lat' dir='ltr'>ciffi</span> 
     </span>
     <span class='ocr_line' id='line_1_39' title="bbox 380 4159 1439 4239; baseline -0.008 -16"><span class='ocrx_word' id='word_1_324' title='bbox 380 4172 505 4239; x_wconf 73' lang='lat' dir='ltr'>singulari</span> <span class='ocrx_word' id='word_1_325' title='bbox 534 4174 610 4223; x_wconf 80' lang='lat' dir='ltr'>Serri</span> <span class='ocrx_word' id='word_1_326' title='bbox 637 4172 777 4238; x_wconf 85' lang='lat' dir='ltr'>coniungat</span> <span class='ocrx_word' id='word_1_327' title='bbox 804 4171 945 4222; x_wconf 71' lang='lat' dir='ltr'>llos-atius?</span> <span class='ocrx_word' id='word_1_328' title='bbox 983 4171 1151 4238; x_wconf 87' lang='lat' dir='ltr'>Suspicautur</span> <span class='ocrx_word' id='word_1_329' title='bbox 1177 4170 1319 4237; x_wconf 73' lang='lat' dir='ltr'>significari</span> <span class='ocrx_word' id='word_1_330' title='bbox 1346 4168 1403 4221; x_wconf 86' lang='lat' dir='ltr'>lilios</span> <span class='ocrx_word' id='word_1_331' title='bbox 1417 4159 1439 4212; x_wconf 68' lang='lat' dir='ltr'>l«</span> 
     </span>
     <span class='ocr_line' id='line_1_40' title="bbox 379 4236 1495 4309; baseline -0.004 -15"><span class='ocrx_word' id='word_1_332' title='bbox 379 4241 511 4309; x_wconf 82' lang='lat' dir='ltr'>Calpurnii</span> <span class='ocrx_word' id='word_1_333' title='bbox 529 4240 613 4293; x_wconf 83' lang='lat' dir='ltr'>Bibuli</span> <span class='ocrx_word' id='word_1_334' title='bbox 635 4250 662 4292; x_wconf 87' lang='lat' dir='ltr'>et</span> <span class='ocrx_word' id='word_1_335' title='bbox 679 4243 735 4293; x_wconf 88' lang='lat' dir='ltr'>Ser.</span> <span class='ocrx_word' id='word_1_336' title='bbox 757 4240 864 4308; x_wconf 90' lang='lat' dir='ltr'>Sulpicii</span> <span class='ocrx_word' id='word_1_337' title='bbox 885 4242 943 4292; x_wconf 81' lang='lat' dir='ltr'>Rus</span> <span class='ocrx_word' id='word_1_338' title='bbox 960 4241 1025 4303; x_wconf 87' lang='lat' dir='ltr'>loti,</span> <span class='ocrx_word' id='word_1_339' title='bbox 1046 4241 1105 4292; x_wconf 88' lang='lat' dir='ltr'>trib.</span> <span class='ocrx_word' id='word_1_340' title='bbox 1125 4240 1185 4307; x_wconf 86' lang='lat' dir='ltr'>pleb</span> <span class='ocrx_word' id='word_1_341' title='bbox 1214 4256 1238 4290; x_wconf 88' lang='lat' dir='ltr'>a.</span> <span class='ocrx_word' id='word_1_342' title='bbox 1260 4257 1285 4292; x_wconf 87' lang='lat' dir='ltr'>u.</span> <span class='ocrx_word' id='word_1_343' title='bbox 1305 4256 1328 4290; x_wconf 82' lang='lat' dir='ltr'>c.</span> <span class='ocrx_word' id='word_1_344' title='bbox 1347 4236 1397 4290; x_wconf 79' lang='lat' dir='ltr'>tot.</span> <span class='ocrx_word' id='word_1_345' title='bbox 1418 4256 1441 4269; x_wconf 77' lang='grc'>-</span> <span class='ocrx_word' id='word_1_346' title='bbox 1493 4266 1495 4271; x_wconf 42' lang='lat' dir='ltr'>v</span> 
     </span>
     <span class='ocr_line' id='line_1_41' title="bbox 381 4302 1495 4382; baseline -0.008 -18"><span class='ocrx_word' id='word_1_347' title='bbox 381 4313 471 4382; x_wconf 74' lang='lat' dir='ltr'>Furni}</span> <span class='ocrx_word' id='word_1_348' title='bbox 491 4311 536 4379; x_wconf 80' lang='lat' dir='ltr'>„C.</span> <span class='ocrx_word' id='word_1_349' title='bbox 558 4312 667 4363; x_wconf 84' lang='lat' dir='ltr'>Feruins</span> <span class='ocrx_word' id='word_1_350' title='bbox 682 4312 846 4364; x_wconf 86' lang='lat' dir='ltr'>historiarum</span> <span class='ocrx_word' id='word_1_351' title='bbox 867 4308 918 4362; x_wconf 87' lang='lat' dir='ltr'>tide</span> <span class='ocrx_word' id='word_1_352' title='bbox 936 4320 962 4362; x_wconf 91' lang='lat' dir='ltr'>et</span> <span class='ocrx_word' id='word_1_353' title='bbox 981 4311 1113 4379; x_wconf 80' lang='lat' dir='ltr'>elegantia</span> <span class='ocrx_word' id='word_1_354' title='bbox 1131 4311 1248 4362; x_wconf 56' lang='lat' dir='ltr'>claruit&amp;</span> <span class='ocrx_word' id='word_1_355' title='bbox 1278 4311 1367 4362; x_wconf 73' lang='lat' dir='ltr'>Comus</span> <span class='ocrx_word' id='word_1_356' title='bbox 1384 4306 1442 4381; x_wconf 64' lang='lat' dir='ltr'>Cret·</span> <span class='ocrx_word' id='word_1_357' title='bbox 1493 4302 1495 4347; x_wconf 84' lang='lat' dir='ltr'>l</span> 
     </span>
     <span class='ocr_line' id='line_1_42' title="bbox 379 4372 1443 4451; baseline -0.006 -16"><span class='ocrx_word' id='word_1_358' title='bbox 379 4413 414 4435; x_wconf 59' lang='lat'>-2</span> <span class='ocrx_word' id='word_1_359' title='bbox 429 4383 547 4451; x_wconf 77' lang='lat' dir='ltr'>plorare}</span> <span class='ocrx_word' id='word_1_360' title='bbox 568 4382 647 4433; x_wconf 86' lang='lat' dir='ltr'>llcbili</span> <span class='ocrx_word' id='word_1_361' title='bbox 666 4398 697 4432; x_wconf 86' lang='lat' dir='ltr'>ac</span> <span class='ocrx_word' id='word_1_362' title='bbox 714 4382 786 4433; x_wconf 89' lang='lat' dir='ltr'>molli</span> <span class='ocrx_word' id='word_1_363' title='bbox 805 4398 871 4433; x_wconf 88' lang='lat' dir='ltr'>voce</span> <span class='ocrx_word' id='word_1_364' title='bbox 891 4384 1005 4433; x_wconf 77' lang='lat' dir='ltr'>caritate.</span> <span class='ocrx_word' id='word_1_365' title='bbox 1028 4383 1089 4434; x_wconf 86' lang='lat' dir='ltr'>vida</span> <span class='ocrx_word' id='word_1_366' title='bbox 1106 4398 1185 4448; x_wconf 88' lang='lat' dir='ltr'>supra</span> <span class='ocrx_word' id='word_1_367' title='bbox 1204 4382 1236 4433; x_wconf 91' lang='lat' dir='ltr'>ad</span> <span class='ocrx_word' id='word_1_368' title='bbox 1255 4397 1280 4432; x_wconf 81' lang='lat' dir='ltr'>v.</span> <span class='ocrx_word' id='word_1_369' title='bbox 1304 4380 1344 4433; x_wconf 81' lang='lat'>19.</span> <span class='ocrx_word' id='word_1_370' title='bbox 1365 4378 1398 4429; x_wconf 82' lang='lat' dir='ltr'>llo</span> <span class='ocrx_word' id='word_1_371' title='bbox 1414 4372 1443 4421; x_wconf 73' lang='lat'>¹¹¹³</span> 
     </span>
     <span class='ocr_line' id='line_1_43' title="bbox 377 4444 1442 4522; baseline -0.003 -20"><span class='ocrx_word' id='word_1_372' title='bbox 377 4452 467 4503; x_wconf 78' lang='lat' dir='ltr'>Acro:</span> <span class='ocrx_word' id='word_1_373' title='bbox 498 4452 545 4517; x_wconf 82' lang='lat' dir='ltr'>,tii</span> <span class='ocrx_word' id='word_1_374' title='bbox 565 4451 738 4503; x_wconf 85' lang='lat' dir='ltr'>modulatores</span> <span class='ocrx_word' id='word_1_375' title='bbox 757 4453 862 4504; x_wconf 88' lang='lat' dir='ltr'>luerunt</span> <span class='ocrx_word' id='word_1_376' title='bbox 881 4462 908 4504; x_wconf 87' lang='lat' dir='ltr'>at</span> <span class='ocrx_word' id='word_1_377' title='bbox 926 4453 1070 4504; x_wconf 86' lang='lat' dir='ltr'>docuerunt</span> <span class='ocrx_word' id='word_1_378' title='bbox 1094 4452 1195 4519; x_wconf 74' lang='lat' dir='ltr'>patellas</span> <span class='ocrx_word' id='word_1_379' title='bbox 1221 4455 1347 4519; x_wconf 78' lang='lat' dir='ltr'>ingenuas</span> <span class='ocrx_word' id='word_1_380' title='bbox 1363 4444 1442 4522; x_wconf 58' lang='lat' dir='ltr'>molt&amp;</span> 
     </span>
     <span class='ocr_line' id='line_1_44' title="bbox 376 4518 1439 4597; baseline -0.006 -28"><span class='ocrx_word' id='word_1_381' title='bbox 376 4522 436 4585; x_wconf 82' lang='lat' dir='ltr'>quia</span> <span class='ocrx_word' id='word_1_382' title='bbox 456 4520 505 4570; x_wconf 88' lang='lat' dir='ltr'>hoc</span> <span class='ocrx_word' id='word_1_383' title='bbox 525 4530 641 4587; x_wconf 80' lang='lat' dir='ltr'>ternpore</span> <span class='ocrx_word' id='word_1_384' title='bbox 661 4525 798 4574; x_wconf 84' lang='lat' dir='ltr'>marimum</span> <span class='ocrx_word' id='word_1_385' title='bbox 817 4539 903 4597; x_wconf 79' lang='lat' dir='ltr'>earum</span> <span class='ocrx_word' id='word_1_386' title='bbox 922 4523 1034 4577; x_wconf 87' lang='lat' dir='ltr'>stadium</span> <span class='ocrx_word' id='word_1_387' title='bbox 1051 4525 1099 4575; x_wconf 88' lang='lat' dir='ltr'>luit</span> <span class='ocrx_word' id='word_1_388' title='bbox 1109 4522 1246 4575; x_wconf 79' lang='lat' dir='ltr'>affectandi</span> <span class='ocrx_word' id='word_1_389' title='bbox 1264 4523 1366 4587; x_wconf 74' lang='lat' dir='ltr'>lyricam</span> <span class='ocrx_word' id='word_1_390' title='bbox 1378 4518 1439 4567; x_wconf 83' lang='lat' dir='ltr'>diso·</span> 
     </span>
    </p>
   </div>
   <div class='ocr_carea' id='block_1_5' title="bbox 0 0 1564 5042">
    <p class='ocr_par' dir='ltr' id='par_1_9' title="bbox 0 0 1564 5042">
     <span class='ocr_line' id='line_1_45' title="bbox 0 0 1564 5042; baseline 0 1"><span class='ocrx_word' id='word_1_391' title='bbox 0 0 1564 5042; x_wconf 95' lang='lat' dir='ltr'> </span> 
     </span>
    </p>
   </div>
  </div>
 </body>
</html>
