3117 5042
375 434 469 502 tlh.
491 440 514 502 l.
557 435 708 502 canit.
729 438 813 503 xvt
837 437 933 501 XVli

309 621 396 685 himo
418 628 545 684 euectus
564 622 749 704 perticulam
767 621 901 704 undique

263 748 292 792 ie
356 731 515 794 Desertum
538 736 568 792 et
590 730 691 794 insani
710 730 811 794 leonis

399 839 470 903 Vim
492 840 651 902 stomacho
671 840 856 923 apposuisse
882 845 1001 917 nostro..

318 989 388 1051 use
410 989 570 1068 Thyesten
589 990 684 1077 extu·
705 966 813 1072 grum.

323 1095 473 1160 Strarere
493 1101 525 1158 et
546 1097 621 1163 altis
641 1097 769 1163 urhihus
787 1098 913 1163 ultimae

365 1198 490 1264 Stetere
511 1220 641 1280 musae,
661 1218 717 1265 eur
735 1201 875 1283 perirent

270 1325 302 1371 so
407 1307 556 1373 Funditus
571 1309 820 1392 inprimeretque
841 1306 936 1381 muris

325 1461 445 1526 liostile
466 1470 606 1527 aramum
627 1450 782 1531 exercitus
805 1461 951 1528 insolens

323 1569 492 1653 Compesce
509 1576 658 1648 ruentem
678 1589 727 1635 nie
747 1588 869 1654 quoque
889 1571 1024 1653 pesteris

368 1679 518 1741 Teutavit
538 1678 571 1741 in
592 1678 674 1742 dulei
695 1679 823 1743 iuuenta

408 1784 530 1846 Feruor
550 1790 583 1847 et
602 1785 636 1849 in
656 1785 774 1848 celeres
793 1784 912 1849 untes
965 1837 972 1849 i

278 1955 309 2001 ss
330 1936 415 2002 illisit
435 1940 597 2002 furentem.
638 1938 726 2001 Nune
746 1954 805 2021 ego
827 1935 951 2001 mitihus

328 2044 451 2108 hlutare
475 2062 591 2128 quaero
614 2044 735 2122 tristia,
756 2045 827 2107 dum
848 2042 922 2107 mihi

371 2150 444 2215 dias
465 2151 634 2216 recantatis
653 2151 753 2215 anien
835 2202 837 2205 v

413 2259 595 2342 Opprnhriis
615 2259 807 2342 suinumque
827 2259 951 2323 reddas.

525 2560 717 2672 Carmen
741 2598 844 2697 XVIL

333 2763 433 2826 Velox
457 2755 616 2826 amoenum
635 2782 729 2844 saepe
749 2763 934 2828 Lucretilem

269 2959 278 2968 ἱ
332 2871 433 2953 liutet
454 2866 576 2949 hyeaeo
597 2871 720 2934 Faunus
742 2879 774 2934 et
788 2872 920 2955 'igneam

123 3050 292 3105 stomachum
311 3050 410 3120 (Germ.
430 3052 452 3116 l,
471 3048 497 3117 6,
517 3050 547 3122 6)
566 3050 655 3103 sedem
672 3051 784 3118 accepit
802 3081 837 3092 -
872 3059 896 3102 et
914 3048 1011 3121 inraso]
1032 3057 1057 3101 et
1074 3062 1121 3117 pro
1140 3051 1226 3102 etium.

123 3155 158 3167 -
186 3124 324 3192 i'leyestea}
344 3121 377 3173 de
395 3137 447 3190 quo
468 3122 530 3190 lege
549 3122 703 3175 Ciceronem
720 3123 795 3174 Tusc.
816 3121 858 3185 lt,
878 3121 924 3184 36,
943 3121 985 3175 tt.
1006 3119 1043 3187 cl,
1058 3120 1091 3171 nd
1112 3118 1226 3173 Geumi

124 3194 151 3259 6,
169 3194 198 3246 8.
220 3222 255 3237 -
283 3192 390 3244 uidem
407 3202 501 3246 stetere
517 3198 621 3264 eaesae]
651 3191 762 3247 Ultimae
780 3201 842 3245 sunt
859 3192 891 3252 ah
908 3195 966 3261 ipsa
983 3208 1012 3245 re
1028 3193 1228 3257 remotissimae,

124 3266 210 3334 igitur
230 3265 346 3332 primae;
364 3262 463 3316 deinde·
476 3273 546 3317 stare
566 3264 695 3326 dicuutur,
714 3265 838 3332 quoniam
857 3265 1007 3332 immutatae
1024 3272 1182 3321 manserant
1193 3292 1228 3309 -

125 3335 222 3388 hostile
245 3339 375 3405 aratrum]
396 3334 459 3387 Tum
478 3335 581 3387 demum
607 3336 712 3387 omnino
734 3333 833 3388 desiuit
849 3350 909 3388 esse
929 3335 1000 3399 urbs,
1016 3350 1075 3386 cum
1092 3352 1145 3404 quo
1166 3334 1227 3387 loce

123 3408 200 3458 stetit
219 3413 317 3458 aratur.
336 3437 370 3449 -
389 3406 418 3457 in
438 3405 508 3459 dulei
526 3407 640 3476 tereste]
660 3404 825 3459 Adiectlvum
845 3406 926 3458 duleis
937 3420 1160 3474 supervacaneum
1173 3422 1226 3461 uua

124 3487 182 3540 est;
202 3492 264 3528 narn
283 3492 341 3527 curn
361 3475 457 3529 haheat
475 3479 669 3529 excusationem
688 3475 778 3542 locus,
798 3492 855 3529 eam
874 3476 917 3529 hir
937 3476 1078 3545 significari
1101 3479 1226 3528 iuuentu-

126 3557 180 3600 tem
200 3555 275 3615 putet
303 3561 353 3616 qna
372 3549 484 3600 iuvenes
504 3549 591 3600 omnia
608 3549 659 3599 sihi
676 3546 756 3599 licere
776 3555 868 3616 putent
888 3563 1004 3617 suaeque
1018 3545 1171 3614 indulgeant
1185 3555 1229 3598 te-

124 3619 251 3673 meritati.
289 3617 412 3671 Similiter
432 3618 516 3671 Germ.
536 3618 557 3682 l,
576 3617 621 3682 st,
642 3620 672 3679 ll
695 3617 777 3676 <lalcis
797 3626 838 3671 est
855 3622 970 3687 formae.
992 3649 1023 3660 -
1042 3615 1139 3670 celerer
1155 3619 1226 3669 inas-

127 3690 183 3759 hor}
208 3688 351 3757 Epitheton
375 3705 428 3757 quo
457 3690 535 3741 iambi
562 3698 623 3741 suat
640 3690 723 3741 ornati
741 3691 959 3758 vituperationem
987 3686 1076 3749 addit3
1106 3703 1167 3738 nam
1196 3703 1228 3739 aa

127 3766 237 3830 quoqne
255 3775 315 3810 curn
333 3758 469 3812 eeleritate
486 3761 626 3812 coniuncta
643 3768 692 3824 est,
710 3760 925 3813 cumconsilium
935 3758 1104 3813 desideratur.
1118 3789 1151 3803 -
1164 3760 1227 3810 uai-

18 3858 21 3923 π,
128 3847 249 3901 nmque
269 3830 376 3902 reddas]
396 3847 448 3900 quo
467 3830 529 3883 olim
549 3832 576 3883 in
593 3844 636 3884 me
654 3847 721 3887 erus.

552 3950 708 4011 Gurmeu'
728 3945 808 4004 xvii.

202 4043 316 4097 &nuru
334 4059 387 4114 quo
407 4042 578 4111 Tyndaridem
598 4056 628 4099 ut
644 4046 676 4099 ad
696 4062 726 4101 se
747 4047 773 4098 in
792 4043 881 4097 villam
900 4046 989 4098 veniat
1007 4046 1119 4112 invitat,
1139 4054 1230 4113 aperte

129 4117 155 4167 in
176 4114 243 4167 duas
273 4124 299 4167 st
325 4115 450 4184 aequales
475 4125 562 4184 partes
587 4118 717 4170 dividitur.
764 4116 828 4179 Nam
847 4124 983 4184 postquam
1001 4118 1137 4185 superiore
1156 4127 1230 4185 parte

129 4194 209 4238 totam
231 4184 323 4238 villam
337 4190 476 4256 omniaque
495 4190 543 4239 sua
560 4190 592 4240 in·
607 4188 688 4241 tutela
705 4204 765 4243 ease
783 4188 890 4240 deorum
911 4188 1025 4239 ostendit
1044 4204 1131 4258 neque
1149 4188 1228 4258 quid·

147 4273 208 4309 uam
226 4257 264 4308 ibi
283 4274 343 4310 esse
364 4257 462 4310 docuit·
474 4258 546 4327 quod,
561 4259 695 4311 cicuribus
715 4257 871 4312 animalibus
891 4266 1003 4323 nouem,
1024 4258 1118 4313 lucilia
1141 4267 1182 4315 est
1198 4259 1231 4311 ad

130 4274 305 4393 dandamdem
320 4328 484 4393 adhortatio,
515 4338 545 4381 ut
563 4330 654 4382 eodem
676 4332 778 4393 reniet,
808 4328 853 4380 uhi
877 4344 912 4380 ne
930 4327 969 4380 illi
988 4329 1092 4398 quidem
1111 4329 1230 4398 pericula

134 4398 286 4452 immineant
303 4415 319 4451 a
339 4401 403 4451 ieris
421 4400 579 4464 hominibus,
597 4401 641 4454 uhi
659 4400 692 4453 ah
715 4400 815 4453 insidiis
838 4408 865 4452 et
882 4397 950 4451 dolis
976 4399 1059 4453 libera
1080 4403 1161 4453 amori
1181 4416 1230 4449 va·

137 4482 194 4520 esre
211 4473 298 4538 possit
317 4479 344 4521 et
361 4472 525 4524 canuinihus.
563 4473 602 4524 Ex
620 4481 720 4541 septem
738 4471 853 4539 strophis
872 4470 955 4523 media
974 4480 999 4522 et
1014 4481 1103 4539 quarta
1114 4472 1230 4522 diversas

139 4549 224 4604 partes
243 4543 383 4611 coniungit
401 4551 429 4594 et
450 4559 478 4601 re
497 4553 524 4594 et
541 4544 639 4597 verbis.
676 4544 755 4597 Vides
776 4545 846 4596 euim
865 4543 936 4594 iuxta
955 4542 990 4593 ihl
1010 4545 1094 4609 posita
1105 4542 1171 4594 haec
1183 4559 1231 4605 iae,

183 4639 289 4685 uersus·
303 4640 338 4684 ed.
354 4640 515 4698 Dllleuhursser.
1014 4647 1034 4711 5
