3117 5042
424 422 519 488 utu.
542 425 597 488 lv.
640 424 789 488 cnam.
810 427 865 490 lX.

388 601 894 687 &manichaeismum

308 767 468 832 Primusve
487 771 608 834 Teucer
628 772 693 835 tela
713 771 856 850 Cydonio

305 874 432 943 llirexit
448 895 544 953 areu3
569 896 630 942 non
651 880 746 943 semel
765 880 841 963 llios

346 986 491 1061 Vexata3
511 1004 575 1049 uon
596 989 749 1069 pugnavit
768 989 878 1072 ingens
991 1016 995 1023 ·

250 1110 283 1154 ao
387 1093 566 1158 Idomeneus
587 1094 795 1159 Sthenelusve
814 1098 900 1163 solus

307 1260 446 1328 Dicenda
465 1262 562 1326 illusis
582 1264 702 1347 proelia
713 1287 723 1343 ;
745 1283 808 1328 non
828 1267 921 1331 ferox

306 1369 421 1433 lleetor
444 1370 494 1432 vel
517 1389 591 1434 ueer
609 1371 785 1454 Deiphobus
806 1390 923 1457 graves
999 1424 1003 1429 -

349 1477 483 1572 Exeepit
502 1479 579 1542 ictus
600 1498 656 1562 pro
680 1480 797 1563 pudicis

362 1574 365 1578 ⁴
391 1572 581 1670 Comugibus
602 1588 765 1672 puerisque
788 1588 916 1672 primm.
941 1642 943 1645 .
1020 1572 1023 1577 ¹

251 1768 283 1815 as
304 1751 418 1816 vixere
439 1755 537 1817 tortos
558 1760 631 1818 ante
654 1754 887 1837 Agamemnona

307 1860 420 1937 Multi3
441 1861 496 1924 sed
518 1880 623 1925 onmes
644 1861 876 1929 illacrimabiles

349 1968 509 2050 Urgeotur
526 1970 686 2053 quatique
706 1971 805 2054 longa

389 2078 501 2158 Nocte,
524 2085 633 2142 carent
655 2080 728 2162 quia
750 2085 823 2144 vate
842 2096 944 2145 suero.

306 2258 434 2323 Paulum
455 2261 596 2342 sepultae
616 2261 714 2326 distat
735 2262 866 2327 inertiae

252 2384 285 2429 no
306 2365 415 2430 celsa
436 2369 543 2431 virtus.
586 2371 655 2432 Non
679 2389 737 2453 ego
761 2379 793 2434 te
811 2373 888 2435 meis

307 2460 474 2541 ‘curnis
494 2476 668 2542 inornatum
688 2480 787 2542 silebo
853 2463 854 2467 ¹
920 2562 924 2567 ᾖ

230 2575 236 2610 ³
352 2622 355 2628 ·
390 2585 492 2677 Totae
512 2590 582 2648 turos
602 2587 714 2669 patiar*
727 2586 855 2651 labores
980 2612 984 2620 ·

304 2752 445 2834 impune,
466 2751 575 2831 Lolli,
590 2766 729 2836 sarpere
751 2756 866 2820 uvidas

309 2859 496 2924 Obliviones.
539 2861 598 2925 llst
617 2863 736 2951 animus
749 2863 816 2927 vtibi
841 2880 845 2887 ·

135 3044 139 3050 Ι
197 2996 202 3003 ·
253 2986 306 3031 as·
345 2952 519 3052 Rerumque
536 2970 671 3052 prudens
692 2978 723 3033 et
745 2970 887 3034 secundis

388 3076 592 3175 Temporibus
612 3078 771 3162 dubiisque
794 3066 914 3161 reolus,

106 3299 151 3336 suo
171 3284 299 3353 Phrygios
319 3299 429 3352 corpore
449 3286 529 3336 ferret
546 3299 620 3353 opes,
641 3284 732 3337 Classe
754 3284 871 3352 virisque
888 3284 1200 3352 potens.“—prinrssae]

105 3354 132 3407 lu
151 3356 286 3407 nonnullis
306 3356 380 3407 codd.
394 3357 552 3444 primusque.
590 3355 640 3408 Sed
662 3355 772 3407 vidend
792 3355 877 3407 Carnu.
898 3353 1032 3420 11‚5‚20.
1051 3385 1085 3395 -
1114 3348 1202 3421 quess

105 3429 159 3496 nio]
179 3427 284 3493 Cydon,
301 3427 362 3478 urbs
383 3428 484 3478 bretae.
504 3427 565 3478 aide
583 3425 616 3477 ad
636 3425 719 3481 Garm.
740 3426 760 3489 l,
782 3428 822 3489 15,
844 3427 884 3478 ¹7.
902 3456 936 3471 -
955 3441 1009 3476 noo
1021 3424 1106 3476 'semel
1122 3424 1198 3496 ilios]

106 3494 160 3548 llon
182 3497 266 3549 semel
285 3505 355 3548 tantu
374 3500 433 3548 urba
452 3506 547 3566 quanta
561 3497 689 3550 luiatlios
711 3504 859 3565 oppugnata
880 3504 936 3558 est;
950 3495 1200 3564 'quodmoaendum

105 3580 137 3617 ne
157 3571 217 3635 quis
235 3567 269 3619 de
287 3571 363 3620 unius
382 3569 452 3620 urbis
471 3569 562 3619 Troiae
581 3568 698 3635 pluribus
720 3571 819 3634 cogitet
839 3565 1201 3634 oppugnationibus.-Dei-

105 3638 213 3709 phebus}
234 3639 329 3691 Priami
349 3648 375 3690 et
387 3639 508 3691 Hecubae
519 3639 598 3701 filius,
619 3638 734 3689 Helenae
754 3647 812 3705 post
831 3637 948 3690 Paridem
966 3639 1068 3689 coniux.
1087 3636 1203 3703 elllirg.

106 3709 171 3760 Aen.
192 3710 233 3772 vt,
249 3709 304 3761 495
314 3725 370 3777 sqq.
404 3739 436 3751 —
471 3712 581 3780 primm]
604 3709 696 3775 blagna
718 3725 775 3759 eum
795 3711 922 3775 gravitate
943 3709 1049 3760 iteratur
1075 3722 1107 3759 ex
1122 3708 1201 3758 initio

104 3782 249 3847 asperioris
269 3780 408 3846 strophae3
434 3796 485 3849 qua
501 3792 533 3831 re'
549 3780 599 3831 hoe
618 3780 693 3830 simul
714 3779 838 3843 eflicitur,
864 3788 977 3847 atquae
995 3781 1106 3831 interae
1126 3779 1200 3846 quusi

106 3850 441 3913 mariambulum,
459 3854 575 3919 prienes,
599 3849 716 3902 locorum
734 3852 813 3901 etiam
831 3850 952 3903 distantia
970 3851 1149 3903 distineretur.
1168 3878 1200 3894 ·-

104 3927 240 3992 rpentur]
262 3922 297 3972 ei.
318 3921 402 3973 Cama.
424 3922 444 3987 l,
461 3922 505 3984 24,
523 3923 587 3989 5sq.

174 4033 206 4083 V.
220 4033 265 4085 29.
296 4034 420 4100 inertiae]
437 4031 540 4083 dativus
555 4039 611 4097 est,
632 4039 661 4082 ut
678 4031 730 4083 Sat.
750 4029 815 4094 1‚4‚
832 4028 876 4081 48.
912 4030 982 4082 Nihil
998 4038 1089 4098 'prope
1106 4029 1201 4083 discri-

105 4103 183 4155 minis
203 4112 243 4154 est
264 4106 332 4154 inter
349 4106 470 4155 virtutem
490 4102 598 4154 celatum
617 4110 643 4153 et
665 4102 782 4153 inertiam
801 4100 937 4168 sepultam.
957 4132 990 4142 -
1009 4103 1118 4171 obortis]
1139 4101 1201 4152 uide

105 4173 137 4223 ad
157 4176 211 4227 Sat.
229 4174 251 4237 l,
271 4176 312 4237 10,
322 4172 348 4226 i.
371 4205 404 4216 -
423 4175 537 4243 impune]
559 4171 662 4225 Oblivio
682 4174 756 4241 quasi
775 4171 903 4239 quendam
923 4173 1036 4223 animum
1054 4188 1085 4224 ae
1102 4169 1197 4222 volun·

106 4250 186 4296 tatem
209 4245 287 4297 habet
307 4260 338 4295 ae
369 4254 496 4312 perpetuo
521 4244 607 4295 studio
627 4244 730 4311 agitur,
763 4250 792 4292 ut
811 4243 941 4292 hominum
963 4257 1006 4292 res
1026 4241 1093 4294 bene
1112 4249 1200 4306 gestas

106 4318 243 4382 opprimat.
293 4315 358 4365 lluie
377 4318 470 4383 quise
489 4316 619 4381 opponit,
644 4315 718 4383 quasi
740 4313 850 4379 castigat
870 4309 1028 4363 oblivionem
1046 4326 1131 4378 aeque
1149 4311 1201 4361 im-

105 4400 176 4450 pune
195 4402 249 4438 eam
269 4387 400 4438 bominum
418 4388 567 4437 memoriam
587 4400 695 4452 carpere
708 4384 811 4450 patitur.
847 4381 957 4434 Pluralis
975 4391 1060 4434 autem
1080 4394 1202 4432 numerus

104 4459 206 4521 positus
224 4466 263 4508 est
284 4465 392 4525 propter
406 4456 547 4507 oblivionis
565 4457 703 4508 contiones
721 4453 927 4521 exstinguendae
945 4453 1029 4504 lamas
1048 4460 1201 4504 conatus.-

104 4533 203 4598 rectas]
222 4532 266 4599 qui
284 4544 372 4600 neque
391 4528 468 4581 bonis
485 4542 572 4598 neque
589 4524 665 4580 malis
679 4524 758 4579 rebus
778 4523 899 4591 flectitur,
916 4534 946 4576 ut
964 4523 1019 4578 Cic.
1038 4522 1071 4577 de
1090 4522 1151 4578 sm.
1171 4521 1198 4576 6.
