3117 5042
394 402 453 466 ub
485 404 620 467 ARTE
654 405 878 471 rubrica,

184 586 318 667 Occupet
339 590 507 649 eumenum
523 587 663 665 scabies;
681 589 755 652 mibi
779 595 869 672 turpe
889 592 1022 676 relinqui
1043 605 1090 659 est

179 691 218 754 bt
242 693 322 775 quoi
344 713 405 757 non
426 694 518 758 didici
540 713 616 758 sane
635 698 755 760 nesure
776 699 879 763 fateri.

179 801 218 863 us
237 819 368 886 praeco,
392 803 432 865 ei
453 821 570 867 merces
589 805 710 869 turbam
730 808 782 888 qui
805 809 890 891 cogit
913 811 1067 889 emendas,

110 927 159 971 cro
177 911 396 974 Asseutatnres
414 911 499 975 iubet
522 912 562 976 od
586 914 702 1000 lucrum
723 915 770 978 ire
791 923 885 997 poeta

174 1017 269 1081 Dives
290 1019 398 1100 agris,
420 1020 507 1082 uires
526 1022 636 1102 positis
653 1022 686 1085 in
706 1024 816 1086 fenore
840 1025 977 1089 numia.

174 1126 212 1190 Si
231 1145 307 1189 vero
328 1133 395 1204 est,
416 1135 537 1192 unctum
560 1128 612 1212 qni
631 1125 715 1192 r‘ecte
735 1150 853 1213 ponere
875 1135 983 1216 possit,

174 1234 216 1297 111
238 1235 390 1316 spouriere
412 1235 476 1298 leri
496 1254 553 1320 pro
572 1257 708 1321 paupere
729 1247 761 1302 et
783 1238 903 1322 eripere
922 1243 1024 1305 atris

175 1343 294 1406 bitibus
315 1344 511 1426 implicitum
532 1346 670 1410 mirabor
689 1347 717 1410 si
738 1351 815 1411 sciet
836 1350 935 1413 inter·

111 1470 158 1512 ere
179 1452 313 1514 Nascere
328 1452 504 1516 mendacem
526 1472 689 1538 verumque
710 1456 820 1519 beatus
839 1457 976 1521 ornicum.

172 1561 221 1622 Tu
243 1578 299 1622 seu
319 1559 446 1623 dunmis
467 1562 612 1650 seuquid
635 1563 753 1634 donare
774 1565 863 1627 voles
885 1568 943 1643 eui,

177 1668 281 1730 Nolito
302 1668 343 1730 ai
365 1687 473 1731 versum
495 1655 553 1734 tibi
575 1672 676 1733 iactos
693 1672 806 1733 elucere
824 1673 945 1755 plenum

176 1776 349 1841 Laetitiae:
369 1778 515 1841 clamabit
536 1779 616 1842 eninr
638 1780 788 1844 Pulchre!
825 1781 927 1847 Rene!
970 1784 1081 1847 Recte!

179 1884 333 1947 Palleseet
352 1904 445 1968 super
465 1885 534 1966 bis,
556 1886 648 1951 etiem
669 1888 801 1952 stillabit
824 1891 930 1955 amieis

105 2010 153 2054 sao
173 1992 222 2055 Ex
243 1993 341 2066 oeulis
362 2012 479 2074 rorem,
500 1996 614 2074 saliet,
626 1997 732 2060 trudet
753 1998 831 2079 pede
852 2006 978 2063 terram

176 2102 214 2163 ill
234 2101 286 2184 qui
309 2102 450 2166 conducti
471 2104 651 2185 plorantia
674 2108 799 2182 funere,
822 2093 924 2171 uicum

178 2209 219 2271 st
243 2210 360 2276 iaciunt
377 2228 474 2292 prope
494 2212 584 2294 plura
607 2213 783 2276 dolentibus
806 2233 846 2277 ex
865 2218 987 2292 animo,
1006 2217 1051 2278 sie

175 2317 302 2382 [leriam
324 2336 398 2380 vero
421 2319 491 2399 plus
512 2319 674 2384 laudatore
694 2331 845 2386 movetur.

76 2439 79 2444 ’
171 2427 275 2507 Reges
298 2426 440 2489 dicuutur
461 2427 563 2518 multis
587 2443 702 2509 urgere
722 2430 846 2491 eulullis

108 2553 155 2610 sas
173 2535 213 2597 iit
236 2543 380 2617 torquere
400 2553 506 2614 urero,
529 2553 617 2618 quem
639 2537 836 2619 perspexisse
856 2536 1014 2612 laborant,

172 2644 220 2706 An
242 2643 283 2706 ait
303 2643 440 2707 amicitia
459 2644 590 2727 diguus:
612 2644 639 2706 si
662 2646 801 2708 carmina
823 2646 945 2723 euodes,

170 2753 330 2835 Nunquam
353 2759 384 2814 te
405 2753 519 2816 fallant
538 2751 632 2815 animi
651 2752 707 2818 sub
725 2753 817 2835 vulpe
839 2754 982 2817 latentes.

174 2860 322 2937 Quintilio
343 2861 369 2923 si
391 2860 464 2944 quid
487 2861 658 2938 recitares,
680 2847 811 2943 corrige
834 2863 925 2923 soles

170 2968 252 3047 Hoc,
275 2968 394 3045 aiebat,
415 2976 447 3032 et
467 2968 534 3032 bon
562 2963 690 3032 ¹llielius
711 2974 742 3031 te
763 2989 855 3051 posse
877 2987 1013 3051 negares

84 3154 128 3199 est
146 3148 241 3198 uostris
259 3146 344 3213 poetis
361 3153 390 3197 ut
407 3145 517 3197 (licant.u
541 3145 636 3197 Cumae
657 3145 757 3214 Crup,
775 3162 854 3214 quem
874 3144 950 3197 vides
971 3145 1068 3212 legisse
1086 3146 1111 3195 in
1130 3161 1179 3195 suo

85 3216 208 3284 exemplu
228 3234 307 3280 nunc,
325 3232 380 3272 uos
396 3234 464 3282 seo,·
482 3232 569 3285 neque
588 3217 662 3269 aliter
673 3217 760 3269 Acro:
780 3220 823 3280 ,iu
845 3220 896 3269 buo
915 3219 990 3285 copia
1002 3218 1178 3283 imperitomm

80 3290 181 3343 suflicit
198 3287 275 3339 alicui
295 3305 355 3341 sese
374 3290 479 3340 iactare.
482 3296 496 3325 ¹⁴
526 3287 684 3356 Comprobat
694 3289 812 3340 codicum
831 3290 970 3340 auctoritas
990 3297 1017 3339 et
1031 3291 1110 3339 totius
1127 3287 1178 3338 loci

81 3359 220 3412 acerbitas
252 3390 279 3400 -
313 3361 456 3481 scabiesp,
441 3359 527 3427 ,Est
520 3362 671 3443 imprecatio
689 3368 770 3414 tracta
792 3375 807 3410 a
828 3359 889 3412 ludo
907 3361 1016 3444 puerili3
1044 3361 1089 3428 qui
1108 3360 1176 3410 euim

81 3439 190 3501 praeest
209 3433 371 3482 currentibus
389 3447 404 3482 a
440 3438 533 3482 metam
552 3432 641 3496 pueris
660 3430 748 3482 (licere
767 3431 852 3482 solet:
869 3434 913 3499 qui
934 3435 1030 3516 primus
1042 3430 1177 3481 eumcum

79 3505 203 3566 venerit,
229 3503 251 3552 is
269 3503 361 3552 vicerit
379 3517 490 3569 eumque
510 3501 537 3550 in
557 3497 631 3551 ulnas
646 3516 717 3552 meas
736 3504 877 3568 accipiam
897 3504 941 3569 qui
962 3516 1025 3551 veru
1044 3502 1095 3550 erit
1113 3500 1178 3550 ulti-

79 3591 149 3635 mus,
168 3580 280 3639 occupet
300 3589 357 3622 eum
377 3573 493 3637 scabies,
510 3586 569 3623 eum
587 3586 707 3637 respuam
725 3580 753 3622 ut
773 3572 944 3622 scabiosum
980 3572 1075 3623 Comen
1100 3570 1177 3638 Cruq

81 3672 118 3689 ·-
138 3650 211 3715 sune]
230 3645 408 3694 concessivam
422 3643 478 3697 bue
491 3657 596 3710 quoque
615 3642 673 3692 loco
692 3642 771 3692 babet
789 3643 952 3693 sententiam

154 3732 185 3782 V
205 3731 267 3784 120.
289 3739 462 3784 assentatores
497 3729 530 3782 ci.
549 3728 631 3797 Epist.
651 3728 671 3792 1,
693 3728 902 3798 11137111.-
926 3729 995 3780 dices
1013 3727 1085 3796 apris
1116 3741 1178 3778 ver-

83 3816 130 3851 sus
149 3805 277 3870 repetitus
295 3818 326 3853 ex
347 3803 400 3856 Sat.
419 3801 440 3867 1,
459 3730 484 3865 4,
505 3802 598 3853 13.-
567 3801 731 3888 -ssnctumj
751 3799 848 3851 lantum
864 3801 1019 3851 corrririum
1038 3798 1072 3850 cl.
1095 3798 1178 3865 Epist.

80 3871 252 3938 1‚15,tu.-
273 3872 333 3946 leus]
356 3873 402 3924 vili
421 3881 448 3925 et
468 3871 568 3936 humili,
588 3872 630 3922 cui
650 3873 708 3923 sin'e
727 3886 853 3939 sponsore
872 3871 935 3923 fides
953 3870 1081 3922 deest-
1093 3870 1178 3921 iater-

83 3949 203 4016 nuseere]
217 3944 317 3996 ridead
332 3946 383 3997 Sat.
394 3945 415 4009 1,
424 3946 451 4008 2,
460 3942 503 3997 62.
515 3941 690 4027 -pullescetl
711 3942 838 4010 ,pallidus
857 3943 901 3993 liet
920 3959 977 3993 com
993 3940 1180 3992 adrnirntione‘¹

79 4015 180 4067 Cosam.
201 4017 278 4082 Grau.
326 4015 486 4083 Tragoediae
515 4016 640 4066 recitatae
665 4015 730 4064 loeis
750 4022 848 4065 terrore
868 4031 896 4063 se
915 4014 1047 4080 impletum
1065 4010 1177 4064 minnist

80 4116 115 4125 -
136 4092 233 4157 rursm]
261 4086 498 4149 0111111111111,
520 4088 580 4138 708.
618 4116 653 4126 -
690 4086 820 4154 conducti}
841 4085 901 4135 ride
922 4084 954 4135 sd
977 4083 1061 4135 Carra.
1081 4082 1114 4145 11,
1134 4081 1178 4146 20,

80 4156 117 4208 22
127 4175 223 4226 sq
192 4159 358 4228 -dsrisur]
377 4157 459 4209 falsus
476 4155 601 4207 laudatur
632 4155 713 4223 Epist.
735 4157 932 4220 11611..-
957 4171 1017 4223 repe
1018 4159 1041 4223 s]
1067 4121 1178 4204 viduari

79 4227 166 4280 Germ.
188 4229 209 4292 1,
228 4229 255 4292 4,
273 4227 371 4279 111-
399 4238 455 4295 tur
456 4233 528 4296 uere
552 4226 584 4278 ci.
602 4227 685 4295 Epist.
706 4227 727 4289 1,
749 4193 906 4289 ’18‚'38-
932 4159 1041 4277 cultellis]
1068 4223 1178 4276 vidend

78 4297 164 4352 Germ.
181 4300 202 4364 1,
220 4267 265 4364 31,
280 4303 376 4351 11.-
394 4246 455 4368 urs]q
463 4233 528 4349 iridel
542 4299 641 4365 Zumpt.
659 4315 697 4365 gr.
718 4264 761 4350 iat.
776 4296 929 4362 6353-
948 4297 1082 4365 Quist']
1103 4295 1177 4346 Hune

77 4386 170 4423 rerum
192 4373 310 4426 criticum
331 4373 484 4422 assentaturi
506 4373 622 4436 opponit.
643 4370 703 4421 vide
722 4368 753 4420 ud
773 4370 856 4420 Curru
874 4368 895 4430 1,
916 4370 959 4419 24
987 4367 1045 4419 Noli
1066 4299 1176 4417 conclu-

79 4441 144 4493 dere
164 4459 196 4493 ex
217 4442 265 4493 hac
284 4441 379 4506 laude,
406 4441 576 4504 Quintilium,
606 4458 663 4492 cum
681 4441 714 4492 de
732 4450 787 4492 arte
806 4442 907 4505 poetica
926 4439 992 4490 liber
1011 4438 1177 4500 scriberetur,

79 4516 158 4566 etiarn
179 4515 337 4567 risisse.—
355 4517 477 4582 neporus]
500 4512 596 4564 l'srotu
590 4529 611 4562 rs
634 4522 673 4563 est
691 4515 787 4564 nuussa
806 4509 930 4578 particula
948 4512 978 4561 si.
1001 4512 1174 4579 -torsutosp
