3117 5042
450 418 539 485 ara.
559 399 589 485 ι.’
628 418 789 485 aanor.
813 421 865 483 ιιι.

195 606 272 684 Quis
290 605 350 669 sili
370 623 423 669 res
442 613 550 687 gestae
568 605 699 687 Augusti
719 604 858 667 seribere
882 604 994 668 mici

191 713 282 777 llclla
303 713 372 795 paris
392 721 423 775 et
445 732 537 795 paces
555 715 685 795 longum
704 712 843 775 dffiundit
866 712 899 774 in
919 715 1052 776 aevanl

191 822 271 898 Quid
293 822 394 884 ‘l'itiua
413 822 556 884 Romam
576 821 664 903 brari
690 828 838 882 venturus
851 820 887 882 in
910 837 977 897 ora,

145 946 175 989 ra
194 925 347 992 Pindarici
369 929 463 991 fonds
482 930 534 1010 qni
554 947 617 990 aon
637 928 789 1009 expalluit
809 927 945 1007 Ιιιιιεῐιιε,

195 1037 351 1100 l'astidire
370 1038 456 1099 lacus
477 1044 509 1099 et
529 1036 617 1099 uiros
637 1055 731 1098 ausus
748 1024 903 1117 ‘aponus

196 1145 235 1206 lit
257 1145 365 1208 valeti
386 1152 422 1206 ut
437 1144 573 1207 meminit
593 1144 716 1207 nostrii
738 1143 889 1206 odiumne
909 1145 1029 1207 Latinis

171 1236 174 1241 ’
194 1253 361 1314 Thebanos
383 1260 492 1332 aptare
513 1251 620 1314 arados
640 1252 743 1314 studet
761 1251 885 1332 auspice
905 1253 993 1314 lllaaa

147 1396 153 1411 ·
200 1360 248 1422 An
272 1360 395 1442 tragica
414 1360 554 1423 desaevit
574 1368 606 1422 ct
627 1360 818 1441 ampullatur
837 1360 868 1422 in
889 1364 981 1424 artai

145 1485 174 1527 rs
196 1469 272 1544 Quid
296 1468 371 1530 rnibi
389 1468 499 1530 eatam
520 1470 612 1550 agiti
633 1468 769 1530 monitus·
785 1469 970 1551 multumque
990 1469 1168 1547 monendus,

200 1575 345 1637 Privatus
368 1583 402 1638 ut
425 1584 556 1658 quaerat
579 1594 655 1657 opes
674 1583 705 1637 et
726 1583 858 1657 tangere
877 1576 956 1638 vitet

195 1683 336 1763 Scripta,
360 1682 519 1747 Palatinus
539 1702 736 1766 quaecunque
755 1686 872 1766 recepit
892 1685 1022 1766 Apello3

194 1791 239 1853 Na
260 1791 289 1853 ai
308 1790 391 1853 loric
412 1810 485 1854 suas
506 1786 667 1872 repetitum
690 1792 811 1854 renent
831 1792 905 1856 olinr

192 1898 282 1969 (lrex
302 1901 404 1963 avium
427 1901 564 1980 planas,
586 1907 709 1962 moveat
732 1901 891 1965 ceruicula
908 1901 1002 1962 risum

141 2025 172 2069 ao
191 2007 327 2109 llurtivis
348 2008 465 2070 nudata
484 2008 648 2071 coloribus.
690 2007 761 2089 lpse
784 2009 859 2091 quid
880 2009 1019 2071 audeat.

108 2224 256 2288 hilaratus,
275 2220 352 2276 etiam
374 2224 511 2276 disertua“
548 2225 619 2277 idem
638 2226 732 2277 lactum
753 2241 814 2278 esse
838 2228 864 2277 in
883 2225 942 2277 aliis
964 2225 1080 2277 ainadean
1098 2227 1204 2292 generis
1282 2222 1284 2231 ’

108 2295 247 2347 adiectivis
267 2295 407 2347 ostendunt
423 2292 449 2346 hi
469 2295 520 2346 loci
532 2297 663 2348 lloratiaui
673 2296 757 2347 carm.
766 2297 799 2361 lt,
809 2297 852 2361 20,
865 2297 905 2350 19.
927 2298 946 2362 1,
957 2297 1000 2361 28,
1013 2297 1051 2349 18
1070 2295 1149 2360 111,4‚
1159 2297 1202 2348 58.

109 2367 158 2428 lli,
167 2368 212 2430 23,
227 2366 267 2417 17,
289 2367 340 2418 Sat
352 2366 420 2431 11‚2‚
432 2367 477 2419 43.
496 2366 579 2419 Carra.
595 2369 627 2432 ll,
639 2369 719 2431 t‚22.
756 2368 803 2418 list
821 2371 899 2435 igitur
918 2369 959 2418 bic
977 2367 1089 2418 litterata
1100 2366 1202 2416 cohors.

108 2437 210 2489 cotors
233 2446 317 2488 antem
344 2446 383 2488 est
401 2454 467 2506 quae
485 2437 549 2490 alias
567 2454 631 2507 grex
649 2437 801 2506 appellatur.
838 2438 920 2504 Epist.
944 2439 964 2501 l,
984 2437 1009 2502 9,
1031 2437 1071 2487 13.
1109 2437 1162 2489 Sat.
1178 2435 1203 2503 ΙΙ,

109 2508 135 2571 i,
155 2509 198 2560 23.
221 2502 254 2549 -’
271 2512 360 2577 pecca]
381 2508 462 2576 Epist.
482 2508 515 2572 ll,
538 2510 636 2575 l,102.
672 2511 737 2563 Sunt
753 2525 795 2560 res
815 2507 947 2575 praeclare
967 2509 994 2558 in
1014 2523 1078 2575 pace
1098 2517 1199 2575 gestae.

109 2610 144 2626 ..-
160 2581 190 2630 iu
208 2585 309 2650 αιιιιιιι]
330 2579 413 2631 Germ.
434 2580 579 2644 tv,14‚3.
610 2580 763 2645 lll‚ll,35.
785 2610 815 2621 -
840 2580 927 2649 Titius]
948 2578 1042 2645 „Titius
1061 2580 1201 2645 Septimius

107 2649 191 2716 lyrica
210 2652 322 2700 earmina
342 2659 367 2700 et
385 2650 531 2717 tragoedias
550 2653 653 2716 scripsit
666 2652 778 2717 Augusti
790 2659 915 2717 tempore,
933 2650 978 2701 sed
991 2649 1048 2700 libri
1066 2652 1122 2701 eius
1138 2647 1202 2700 nulli

109 2729 220 2772 exstant.
258 2721 339 2772 liuius
357 2731 442 2772 autem
463 2724 567 2788 insigna
585 2731 776 2789 monumentum
796 2730 836 2772 est
854 2722 920 2772 inira
937 2722 1075 2772 Ariciamss
1106 2720 1203 2771 comm.

110 2792 188 2858 Croq.
225 2792 394 2858 suspicantur
415 2793 497 2843 luisse
515 2806 572 2843 eum
593 2793 674 2847 lilium
694 2794 726 2844 at.
745 2793 877 2843 Titiicos.
897 2793 998 2843 sullecti
1019 2790 1040 2841 a'.
1060 2806 1111 2841 u.o
1140 2791 1200 2843 723.

106 2862 189 2913 ilecto
212 2870 298 2914 autem
315 2862 456 2913 dubitatum
475 2871 515 2914 eat
532 2863 564 2928 de
583 2863 665 2915 altero
684 2865 789 2914 nomine
806 2864 945 2931 Septimi03
963 2865 989 2913 in
1003 2862 1202 2929 gentibusenim

108 2948 171 2984 rere
189 2931 321 2984 Roruauae
342 2936 450 3001 originis
476 2936 564 3000 primis
591 2937 701 3000 Augusti
731 2934 889 2999 temporibus
908 2950 960 2984 uon
979 2930 1204 3000 coniungebarrtur

108 3004 159 3054 duo
178 3005 283 3054 nourina
302 3004 442 3072 gentilicia.
479 3004 685 3069 Ceterumcave
705 3021 738 3055 ue
756 3005 848 3056 Titium
868 3005 958 3055 credas
980 3004 1011 3055 ab
1031 3004 1135 3054 lloratio
1155 3018 1203 3053 ca-

109 3076 201 3141 stigari
221 3074 255 3139 ob
273 3077 375 3126 niarium
396 3076 528 3127 audaciam
550 3085 575 3127 et
603 3074 804 3136 confidentiam
830 3075 907 3125 immo
928 3090 990 3125 vcro
1010 3074 1128 3125 laudatur
1145 3073 1204 3125 'litii

109 3147 211 3211 animus
231 3153 258 3195 ct
275 3145 376 3197 additur
396 3162 488 3213 magna
509 3146 542 3196 de
560 3147 616 3197 eius
638 3146 729 3197 studiis
750 3147 919 3212 exspectatio.
942 3176 974 3186 -
1002 3145 1109 3218 imore]
1131 3145 1202 3212 Virg.

109 3218 176 3267 aen.
197 3215 252 3278 llll,
272 3217 332 3269 235.
370 3216 465 3285 Georg.
486 3216 533 3279 111,
552 3216 577 3269 9.
608 3216 721 3284 Propert.
745 3217 791 3279 111,
812 3216 900 3280 7,32:
920 3217 1031 3283 „Venias
1049 3225 1076 3267 tu
1097 3230 1203 3284 quoquc

109 3289 135 3347 in
157 3302 203 3338 ora
223 3288 331 3338 virum!
365 3321 399 3349 „-
440 3288 573 3361 eapulluit}
593 3287 632 3339 De
652 3290 802 3339 accusativo
821 3287 855 3337 cl.
876 3287 958 3339 Carm.
979 3288 1011 3351 ll,
1033 3288 1074 3351 12,
1095 3287 1120 3339 7.
1156 3287 1202 3350 lli,

109 3357 153 3421 27,
171 3358 217 3411 28.
268 3358 394 3410 Constans
416 3360 443 3409 in
462 3360 575 3427 imagine
592 3358 708 3411 lucilium
728 3368 754 3410 et
769 3358 909 3409 humiliora
930 3363 1017 3424 poesis
1036 3373 1132 3426 genera
1151 3373 1200 3424 ap-

110 3427 192 3495 pellat
210 3438 288 3495 poeta
306 3428 378 3481 lacus
400 3437 426 3483 et
442 3430 510 3480 rivos
526 3438 646 3494 apertos,
669 3430 699 3480 ad
720 3446 785 3496 quos
805 3429 848 3479 alii
870 3424 974 3498 quoque
995 3445 1046 3480 non
1064 3430 1141 3495 pauci
1155 3443 1201 3477 ae-

111 3499 207 3550 cedere
229 3501 348 3551 audeaut.
391 3499 491 3552 Lucret.
513 3500 555 3562 tv,
572 3500 604 3548 2:
626 3499 715 3563 „iuvat
733 3503 848 3566 integros
867 3500 994 3550 accedere
1011 3500 1096 3549 fontes
1116 3499 1202 3565 Atque

110 3569 230 3622 hauriress
257 3605 291 3613 -
310 3571 432 3641 desuevit]
452 3572 521 3638 Virg.
543 3572 598 3620 lien
622 3569 664 3631 tt,
682 3572 725 3622 52.
762 3569 808 3620 Est
827 3571 929 3620 exalto
947 3572 964 3620 i.
987 3585 1010 3619 e.
1031 3569 1200 3618 vehementer

106 3643 219 3693 saevire.
257 3640 396 3708 „lielertul'
412 3641 444 3693 ad
461 3640 589 3693 violentas
609 3641 686 3690 animi
709 3640 916 3705 perturbationes
935 3655 950 3689 a
970 3640 1073 3706 tragicis
1093 3654 1203 3704 expres-

108 3729 168 3775 sas3
194 3712 336 3780 ampullari
351 3721 437 3763 antem
458 3721 486 3763 nt
506 3713 660 3763 Graecorum
682 3713 840 3775 ληκυθίζειν
859 3709 891 3760 da
910 3708 1000 3775 'amplo
1021 3716 1047 3760 et
1062 3709 1202 3777 magnilica

108 3786 238 3835 sermonis
258 3785 348 3851 tragici
367 3791 483 3835 ornatu.“
517 3781 636 3835 Orelliua.
673 3780 706 3830 cl.
726 3782 756 3833 A.
774 3779 802 3832 P.
821 3779 864 3831 97.

184 3889 213 3937 V.
236 3888 278 3938 15.
307 3888 397 3939 Celsae
414 3888 478 3957 agit}
499 3886 533 3937 cl.
556 3888 608 3940 Sat.
627 3885 648 3949 1,
666 3884 693 3947 9,
711 3890 737 3937 t.
775 3883 960 3935 videturesse
980 3880 1072 3934 Celsus
1092 3881 1204 3933 Albino-

108 3974 213 4019 vanus,
231 3957 357 4025 adquam
376 3967 417 4009 est
437 3958 519 4024 Epist.
538 3957 558 4021 l,
579 3956 605 4008 8.
643 3955 773 4007 Immerito
792 3954 883 4005 Celsus
904 3956 930 4004 in
949 3952 1132 4027 plagiariorunr
1154 3969 1204 4004 nu-

109 4045 183 4083 rnero
204 4028 309 4080 babitus
326 4037 381 4091 eat;
399 4028 477 4080 talem
499 4031 567 4079 enim
588 4028 718 4078 bominem
737 4026 855 4076 lloratiua
877 4025 996 4091 prolecto
1010 4039 1139 4090 nunquam
1161 4033 1204 4075 tu-

108 4098 193 4151 lisset
230 4100 281 4152 Sed
313 4100 415 4151 videtur
445 4115 478 4150 ex
498 4100 529 4149 iia
559 4099 656 4161 luisse,
683 4100 727 4165 qui
751 4113 809 4147 cum
831 4095 929 4148 litteras
959 4103 985 4144 et
1004 4096 1096 4161 poesin
1118 4102 1205 4147 ament

107 4170 244 4238 multaque
262 4170 383 4237 legerint,
402 4173 451 4238 ipai
471 4168 682 4235 tandernaliquid
701 4169 818 4235 prolerre
837 4166 1007 4217 audeantsed
1021 4181 1081 4216 vera
1101 4168 1204 4232 poetica

108 4240 237 4292 laenitate
270 4243 385 4293 destituti
410 4244 437 4293 iu
464 4240 519 4291 sola
547 4244 696 4303 magnorum
716 4239 891 4304 exemplorum
911 4239 1055 4288 imitatione
1074 4235 1204 4290 haereant

106 4342 142 4355 -··
161 4312 300 4365 Patauium
317 4313 422 4383 Apollo]
442 4313 471 4363 ln
491 4313 564 4362 cuius
583 4311 679 4376 templo
697 4326 712 4360 a
731 4327 755 4360 ιι.
768 4307 820 4360 726
839 4309 871 4359 ab
889 4310 1008 4374 Angusto
1027 4307 1129 4369 condite
1149 4315 1204 4358 erat

106 4382 272 4435 bibliotheca
289 4383 401 4450 publica.
424 4414 456 4426 -
476 4400 541 4451 gree
557 4384 655 4502 ostend
676 4382 703 4431 cl
730 4378 841 4430 tabulam
858 4380 1012 4445 Aesopicam
1032 4378 1100 4446 apud
1118 4378 1204 4430 Phae·
1264 4412 1269 4419 -

105 4454 180 4506 drum
201 4454 222 4518 l,
240 4455 267 4507 3.
304 4455 344 4506 lle
363 4452 620 4505 libertatc·mouendi
657 4466 707 4502 ene
727 4451 869 4504 Obbarius:
899 4450 1014 4516 „Addo,
1032 4451 1132 4516 inquit,
1153 4463 1204 4516 age

102 4536 196 4579 neutra
215 4525 348 4578 uendendi
367 4527 467 4578 ratione
483 4532 574 4591 utpote
595 4523 727 4577 bominum
744 4537 826 4589 saepe
848 4520 1002 4589 bilinguium
1015 4529 1093 4589 atque
1108 4519 1205 4572 incude
