3117 5042
719 438 989 493 -to-.

277 611 416 677 hinorum
453 610 530 673 hena
573 610 748 689 lanumii);
777 610 947 694 'propinqui
984 616 1102 674 montes
1139 586 1309 676 'lrucrelllls
1341 619 1373 678 et

280 718 385 780 Ustica
393 716 453 796 ’ὓς
476 718 566 782 vallis
591 717 781 800 irrigabatur
798 718 942 800 Digentia
953 720 1022 781 rivo
1032 715 1082 799 ³⁶),
1107 724 1173 782 tota
1186 720 1376 803 regiosilvis

277 832 310 886 et
328 825 414 887 saxis
436 826 566 906 egregie
585 825 769 903 vahstau).
820 826 884 889 Sel
908 826 985 889 haec
1010 826 1048 888 de
1070 826 1155 890 villa.
1198 830 1372 892 Redeamus

279 934 319 998 acl
341 934 509 997 lloratium.
553 933 609 998 Cui
629 935 820 998 Maecenatis
840 936 1036 1001 familiaritas
1057 936 1189 1018 Augusti
1208 936 1302 1000 etiam
1324 940 1373 1001 fa·

278 1060 384 1104 uorem
405 1041 599 1117 conciliavit3
632 1058 719 1123 quem
753 1041 873 1123 quidem
894 1042 980 1103 multi
1005 1042 1095 1104 etiam
1116 1059 1195 1103 nunc
1215 1040 1247 1103 in
1269 1041 1372 1104 enni-

246 1230 249 1237 ·
277 1150 432 1213 uatimrem
455 1151 483 1213 ei
506 1158 676 1214 uerterunt.
725 1152 803 1212 Nam
825 1150 986 1230 prolecto,
1009 1149 1124 1231 inquit,
1147 1166 1228 1230 quaa
1248 1148 1373 1212 tantiam

277 1275 316 1319 ea
334 1260 393 1321 luit
412 1259 542 1322 hominis
562 1261 745 1331 constantia.
768 1259 819 1340 qui
842 1276 934 1340 qoem
951 1257 1070 1320 moenis
1092 1257 1235 1331 odisset,
1260 1264 1370 1320 conua

277 1385 364 1448 quern
384 1386 451 1431 οοιο
473 1368 571 1431 Bruto
592 1375 730 1433 armatus
750 1368 897 1447 stetisset,
915 1365 1043 1430 eandem
1065 1368 1115 1429 vir
1135 1368 1237 1429 iactus
1253 1364 1371 1431 coleret

275 1481 308 1536 et
332 1473 436 1537 diuino
460 1494 556 1558 prope
580 1477 697 1539 honore
716 1478 942 1538 veneraretur?
983 1476 1024 1537 lit
1045 1482 1147 1538 tamen
1160 1475 1238 1537 nihil
1257 1473 1288 1535 in
1311 1473 1371 1536 hac

275 1599 311 1642 re
332 1580 413 1645 inest
433 1602 530 1666 neque
552 1584 734 1665 proditionis
750 1601 847 1665 neque
870 1583 1101 1644 assentationis.
1144 1580 1264 1643 Etenim
1289 1598 1369 1642 sem·

276 1691 495 1771 periloratius
511 1692 569 1753 sihi
590 1693 647 1754 fuit
668 1698 829 1766 constans;
850 1708 926 1752 vero
944 1699 975 1753 et
989 1691 1110 1752 sincero
1126 1687 1248 1771 patriae
1265 1704 1371 1751 amore

276 1799 457 1863 adolescens
478 1798 750 1862 Brututn'secutus
771 1806 827 1873 ast,
849 1798 954 1860 eodem
977 1797 1026 1861 vir
1043 1796 1213 1878 Augustum
1235 1795 1370 1859 almira-

276 1912 333 1968 tus
376 1908 453 1969 Nam
476 1927 565 1989 quum
588 1906 723 1970 Caesare
744 1906 907 1970 interiecto
931 1906 1059 1969 Athenis
1081 1903 1295 1986 philosophiae
1317 1904 1371 1965 tle-¹

214 2014 216 2018 ’
274 2012 356 2074 tlihrs
378 2033 443 2076 crrrn
464 2016 567 2096 prisca
591 2015 734 2077 lihertate
757 2015 891 2096 priscani
913 2016 1006 2077 etiarn
1020 2031 1135 2076 morum
1149 2011 1368 2092 integritatem,

197 2116 202 2127 '
274 2119 392 2201 inqua
415 2141 559 2184 summam
581 2123 626 2184 rei
647 2122 789 2203 puhlicae
809 2124 939 2185 salutem
962 2122 1095 2202 positam
1119 2137 1187 2181 esse
1218 2124 1368 2197 conteret,

230 2265 237 2278 .
275 2228 449 2292 restitutum
473 2230 511 2293 iri
536 2231 637 2293 calido
659 2231 760 2293 aalma
783 2237 944 2312 speraret,
973 2230 1083 2292 deinde
1103 2227 1231 2290 Brutum
1251 2226 1371 2290 uideret

273 2334 425 2400 hominem
446 2338 678 2419 integerrimum
699 2359 819 2422 unoque
840 2348 870 2401 et
891 2357 966 2402 vero
987 2337 1108 2420 patriae
1130 2353 1235 2399 amoro
1254 2334 1367 2433 arhen-J

274 2449 353 2521 tem,
385 2452 450 2508 tum
469 2465 508 2508 ne
530 2440 595 2529 ipse
618 2448 737 2529 quidem
758 2447 890 2510 studium
913 2465 973 2528 quo
997 2445 1053 2507 has
1073 2452 1179 2525 partes
1199 2443 1368 2523 amplecte·

274 2552 366 2617 hatur
385 2554 545 2617 simulasse
567 2557 720 2638 putandas
742 2564 799 2619 est.
842 2555 883 2618 At
895 2574 970 2616 uero
983 2572 1020 2616 ea
1030 2552 1259 2633 exspectatione
1272 2554 1368 2632 quan-⁸

274 2664 382 2739 topere
402 2680 491 2742 quum
507 2664 546 2726 ah
562 2663 620 2726 hac
635 2666 728 2727 etlam
744 2672 833 2745 parte
844 2663 920 2726 nihil
942 2681 1039 2744 prope
1060 2660 1120 2724 nisi
1143 2656 1258 2740 priuati
1286 2674 1368 2719 com·

174 2836 177 2843 ,
270 2766 356 2829 noti
378 2770 537 2849 aucupium
560 2789 696 2851 regnare
716 2772 942 2849 intellexisset,
965 2770 1109 2848 deceptus
1130 2766 1171 2829 sit
1190 2784 1284 2848 supra
1307 2766 1368 2828 iam

273 2873 386 2938 «lictum
410 2883 467 2937 est.
511 2876 588 2953 orno
617 2881 719 2959 ergoi
773 2879 870 2942 Bruto
899 2877 1077 2941 voluntaria
1098 2880 1197 2938 morta
1221 2892 1368 2955 oppresso

275 2977 448 3042 libertatem
472 2982 585 3062 populo
609 2984 747 3047 Romano
774 2982 896 3045 servari
919 3001 957 3046 ea
976 2983 1037 3045 is·
1061 2988 1166 3046 aetate
1186 2999 1247 3044 non
1266 2999 1368 3062 posse,

274 3083 365 3146 hellis
396 3087 539 3150 civilihus
567 3089 644 3151 nihil
671 3108 741 3153 esse
769 3089 989 3171 perniciosius,
1020 3091 1086 3152 lato
1116 3091 1183 3171 ipso
1215 3088 1368 3151 lominum

273 3193 403 3274 imperio
424 3197 550 3277 parari,
581 3197 692 3259 nemini
715 3204 777 3260 tam
798 3217 860 3261 noa
881 3199 938 3262 tuit
957 3200 1091 3278 clarum,
1121 3199 1181 3261 uisi
1202 3198 1252 3280 qui
1275 3194 1368 3257 nimia

273 3299 368 3363 animi
388 3304 553 3366 atrocitate
581 3306 689 3367 eluctus
711 3306 770 3368 iiis
790 3298 865 3388 ipsis
887 3302 979 3388 pos'se
1000 3306 1167 3387 repugnari
1191 3304 1367 3366 consideret

273 3408 337 3472 Sel
360 3410 421 3472 noa
440 3412 526 3474 multi
546 3413 669 3475 luerunt
690 3399 834 3476 catones.
878 3414 919 3477 Et
940 3414 1016 3477 hene
1039 3413 1167 3496 quitlem.
1213 3412 1314 3474 utinm
1335 3414 1367 3469 et

272 3534 379 3598 paoem
399 3537 487 3601 quam
508 3522 640 3583 maxime
661 3523 792 3601 petenda
815 3540 958 3585 essecum
977 3521 1099 3602 optimis
1119 3519 1286 3601 quibusque
1306 3516 1368 3578 llo·

274 3627 372 3689 ratius
393 3628 589 3691 existimavit.
623 3631 698 3692 tote
719 3631 818 3712 primo
840 3628 905 3694 iam
923 3629 1124 3711 postclotlem
1141 3626 1366 3707 Philippensem

273 3752 355 3797 auno
376 3735 489 3814 (723),
511 3756 601 3822 quum
622 3737 736 3802 hellum
756 3739 936 3803 Perusinum
956 3737 1148 3814 immineret,
1171 3732 1369 3816 conqueritur

275 3841 372 3921 Epntl.
398 3848 453 3904 16:

270 4012 567 4037 Μ

309 4134 357 4202 οι)
377 4135 457 4201 spen
476 4136 498 4201 1,
520 4139 562 4201 ιο,
579 4135 622 4189 ιο.

306 4231 354 4299 35)
374 4229 457 4281 Corin.
475 4231 496 4294 l,
517 4233 558 4294 17,
582 4220 674 4283 lssll.
713 4230 800 4283 Ustica
819 4239 904 4283 autem
925 4230 1000 4283 vallis
1019 4244 1122 4299 quoque
1142 4228 1329 4284 nontinahatur.

307 4325 355 4393 an)
375 4324 456 4391 Epist.
479 4322 498 4389 1,
519 4325 559 4388 ra,
582 4325 640 4377 ιοι.
1215 4320 1218 4329 ·

304 4416 353 4490 aa)
375 4419 455 4486 Epist.
476 4420 497 4479 ι,
513 4420 558 4482 vn,
580 4421 621 4471 ιο.
658 4420 741 4473 ann.
765 4420 785 4483 r,
802 4422 846 4483 22,
865 4421 892 4476 ο.
936 4419 975 4473 ns
1002 4419 1130 4472 antona
1156 4420 1228 4471 rona
1249 4398 1317 4470 ‘nos
1336 4419 1371 4471 aa

374 4488 586 4555 Carm.lll,13,
608 4493 630 4543 1.
1177 4522 1180 4529 ·
1228 4538 1232 4547 ,
1320 4518 1324 4525 ·
