3117 5042
415 399 904 466 nmmcmnmu
1138 404 1203 486 m

293 582 358 649 1111
382 579 531 645 Claudiae
544 599 610 645 non
633 581 790 664 perficient
808 598 934 659 manus,

306 694 391 767 Quas
413 696 445 752 et
467 690 601 772 benigno
622 690 745 753 numine
763 690 901 773 luppiter

258 815 285 857 rs
348 797 493 861 Defendit
515 804 546 860 et
569 815 662 860 curae
682 816 815 881 sagaces

392 904 569 988 expediero
590 923 647 986 per
669 911 760 970 ecula
781 904 866 970 belli.

689 1094 761 1103 -ο--ψ-

523 1249 724 1325 Carmen
748 1253 789 1323 V.

311 1414 401 1477 Diris
421 1421 490 1481 orte
511 1416 618 1493 bonis,
643 1416 755 1497 optime
775 1415 935 1479 ltomulae-

314 1522 428 1586 Custos
449 1523 568 1606 gentis,
592 1518 674 1586 abee'
687 1522 749 1587 iem
769 1522 892 1587 nimium
906 1522 982 1598 diu,

311 1632 468 1697 Moturum
488 1630 618 1695 reditun
638 1630 793 1714 pollicitus
814 1639 936 1716 patrum

116 1797 623 1870 11111111111111ς1111.1111111,
644 1802 685 1852 12.
712 1831 748 1842 -
771 1810 851 1853 oculo
868 1800 938 1866 delle]
958 1799 1019 1851 vide
1038 1797 1139 1865 Zumpt.
1161 1814 1200 1865 gr.
1285 1802 1289 1810 '

114 1869 279 1935 1111435.
300 1880 388 1925 annot.
409 1871 493 1925 Curae
513 1880 597 1923 entem
617 1886 726 1939 sagaces
745 1887 802 1923 eam
816 1871 965 1940 significant
978 1870 1056 1923 animi
1073 1870 1205 1933 virtutem,

117 1956 164 2007 qua
183 1943 244 2010 quid
262 1945 357 2011 quovis
378 1953 495 2010 ternpore
513 1944 609 2008 optime
626 1942 671 1993 fiat
690 1944 843 2009 reperimus.
879 1943 970 2010 Sapen
989 1944 1057 2011 enim
1076 1955 1092 1992 a
1111 1954 1205 1993 canum

116 2012 217 2065 neribus
237 2017 353 2081 vestigia
370 2014 484 2065 leramm
504 2014 695 2081 insequentium
711 2012 745 2065 ed
766 2012 841 2065 alios
852 2012 962 2065 aliorum
980 2010 1129 2066 animalium
1140 2025 1204 2065 ten·
1238 2030 1241 2033 “

116 2098 157 2134 sas
179 2085 255 2137 etad
272 2087 346 2153 ipsos
366 2087 445 2137 etiam
462 2085 592 2136 hominum
610 2084 710 2136 animos
730 2083 799 2149 bene
815 2084 996 2137 transducitur.

555 2186 756 2241 coement.
805 2244 808 2250 ,

183 2290 370 2343 Dulcissimurn
392 2291 442 2343 boc
460 2295 580 2360 cumen,
597 2290 684 2343 multis
703 2293 851 2347 nominibus
867 2291 1023 2345 laudandum
1033 2329 1042 2356 ,
1063 2289 1095 2342 ad
1112 2291 1205 2357 liugn-

116 2366 196 2426 stum,
216 2364 260 2430 qui
281 2378 297 2414 a
318 2377 412 2414 mense
428 2364 499 2430 Sept
518 2362 601 2415 1738
618 2378 701 2431 usque
718 2364 751 2415 ad
768 2363 892 2433 Februar.
914 2364 965 2417 741
984 2365 1010 2415 in
1031 2360 1166 2413 Germania
1180 2369 1207 2412 et

114 2429 193 2482 Gallia
211 2433 368 2496 tenebatur,
397 2431 521 2501 seriptum
540 2435 691 2487 tenerrimos
709 2434 796 2502 prodit
807 2451 906 2487 sensus
926 2436 958 2486 de
977 2432 1112 2485 beneflciis
1131 2434 1204 2499 pacis

110 2508 143 2551 'ex
158 2502 286 2555 dinturnis
305 2504 385 2555 bellis
415 2504 544 2567 intestinis
562 2506 696 2556 restimtae
715 2520 866 2574 morumque
891 2521 923 2558 ex
941 2504 1020 2572 longa
1041 2505 1207 2573 corruptione
1268 2546 1273 2551 .

113 2574 313 2626 emendatorum.
350 2575 630 2641 Exprimituruniversi
642 2576 730 2643 populi
749 2577 905 2628 desiderium
924 2576 984 2627 boni
996 2576 1128 2642 principis,
1147 2590 1206 2625 nam
1308 2591 1313 2598 ·

113 2656 161 2694 nos
178 2645 333 2697 inconsulto
354 2654 382 2696 et
400 2647 427 2696 in
445 2644 518 2696 initio
536 2654 562 2696 et
582 2647 607 2695 in
626 2646 678 2697 line
697 2650 817 2699 carminis
835 2651 969 2715 Augustus
988 2647 1040 2697 duo
1057 2646 1137 2697 boam
1156 2660 1207 2712 ap·

113 2713 229 2779 pelletur,
250 2732 339 2785 neque
358 2716 586 2781 deerantcausae,
605 2726 739 2768 curtante
759 2733 850 2770 omnes
871 2721 942 2769 cives
962 2724 1112 2768 tenerentur
1133 2716 1206 2767 desi-

113 2782 190 2837 derio.
230 2787 266 2839 Ut
293 2787 364 2837 enim
392 2789 474 2853 prima
501 2795 528 2838 et
555 2788 668 2840 secunda
698 2789 822 2856 strophae
850 2787 1076 2855 compellationem
1095 2787 1207 2855 Augusti

111 2852 202 2908 babent
222 2853 284 2908 eum
305 2857 381 2908 brevi
400 2857 502 2925 quidem
522 2858 568 2909 sed
588 2866 698 2910 venusta
725 2862 852 2912 rationum
875 2875 921 2909 cur
942 2860 967 2908 ei
986 2857 1146 2909 redeundum
1160 2858 1208 2926 ¹sit

111 2925 312 2993 significatione,
330 2929 370 2978 sic
388 2931 486 2994 patriae
506 2929 660 2980 desiderium
679 2938 751 2996 grata
766 2932 854 2981 matris
867 2929 948 2980 fllium
967 2929 1010 2979 diu
1032 2928 1207 2993 exspectantis

112 3000 307 3065 comparatione
331 3001 408 3049 tertia
426 3008 451 3049 et
470 3009 558 3066 quarta
584 3002 744 3066 proponitur.
782 3000 848 3052 illud
872 3009 958 3051 autem
979 2998 1047 3050 unde
1070 2999 1208 3049 inanimis

111 3068 202 3119 civium
224 3071 261 3121 sit
280 3071 432 3133 excitatum,
449 3070 530 3121 tribus
548 3070 641 3121 deinde
660 3070 773 3137 strophis
794 3072 828 3122 ita
849 3070 1001 3135 ostenditur,
1020 3069 1207 3136 1111111111-

110 3134 223 3191 lebretur
240 3143 373 3191 securitas
387 3141 568 3206 agriculturae,
585 3143 768 3208 navigationis,
788 3150 958 3206 mercaturae,
978 3157 1011 3193 ex
1029 3139 1207 3209 quibusquesi

109 3206 220 3261 lontibus
240 3211 446 3262 domesticarum
464 3227 549 3262 rerum
569 3215 727 3278 pmsperitas
748 3213 866 3279 profluit3
893 3220 922 3263 ut
940 3220 1012 3265 sexta
1033 3210 1110 3262 addet
1128 3209 1228 3263 inno-'
1315 3225 1318 3229 ’

107 3283 213 3332 centiam
235 3282 320 3345 vitae,
341 3282 384 3331 cui
405 3281 477 3348 leges
494 3283 729 3334 etconsuetudines
740 3300 816 3351 quam
828 3285 939 3335 maxime
953 3282 1090 3335 consulant
1102 3283 1208 3351 (1.22),

108 3346 181 3403 laude
206 3351 292 3403 simul
316 3350 445 3402 bonorum
464 3359 502 3422 (v.
521 3353 568 3420 23)
591 3361 618 3404 11
636 3368 722 3420 poena
747 3355 872 3406 malomm
892 3361 930 3425 (v.
949 3356 996 3423 24)
1015 3354 1151 3414 adiuncta;
1179 3360 1208 3403 nt

106 3419 215 3489 denique
228 3423 356 3488 'septima
379 3422 414 3471 sit
430 3422 463 3471 de
481 3431 608 3488 potestate
627 3433 654 3474 et
673 3425 772 3476 bonore
792 3428 895 3493 imperii
914 3426 1021 3477 Romani
1043 3422 1110 3489 apud
1131 3431 1207 3474 exte-

105 3505 143 3541 ras
163 3496 300 3545 nationes.
342 3491 416 3553 Quae
434 3495 550 3545 ustiones
568 3509 599 3545 eo
612 3497 778 3561 compositae
798 3505 858 3548 sunt
877 3496 976 3560 ordine,
993 3503 1022 3545 ut
1039 3508 1129 3544 omnes
1142 3492 1208 3543 fines

104 3558 264 3627 indicentur,
290 3578 325 3613 ex
346 3562 440 3627 quibus
459 3562 527 3614 bella
547 3566 645 3614 moveri
665 3568 782 3631 possint3
802 3568 835 3619 ab
853 3569 954 3618 oriente
973 3565 1089 3631 pergitur
1109 3561 1141 3611 ad
1158 3576 1209 3611 oc-

105 3633 244 3695 cidentem,
266 3648 293 3687 a,
304 3632 408 3684 Parthis
428 3647 473 3698 per
487 3633 599 3700 Scythas
619 3643 645 3686 et
664 3634 804 3689 Germanos
819 3640 851 3689 ad
869 3637 1006 3703 Hispanos,
1023 3633 1066 3700 qui
1087 3638 1209 3698 quattuor

104 3712 160 3754 sont
180 3704 304 3757 bellicae
324 3702 409 3752 landis
426 3705 543 3769 Augusti
557 3707 703 3772 gravissimi
722 3716 811 3760 testes.
854 3708 929 3771 Quae
954 3705 1039 3756 omnia
1068 3703 1112 3768 qui
1139 3700 1209 3752 bene

104 3776 314 3839 ponderaverit,
341 3775 363 3823 is
386 3774 502 3839 prolecto
527 3791 584 3827 cunr
607 3785 685 3842 poeta
702 3781 848 3846 Augustum
867 3775 1033 3829 venerabitur
1052 3778 1080 3821 ut
1097 3771 1209 3822 coelitus
1240 3828 1247 3837 ,

104 3847 209 3897 uriarum
233 3846 316 3912 pacis
346 3851 478 3894 auctorem
503 3855 529 3896 et
546 3857 777 3913 conservatorem,
808 3855 932 3917 atquem
950 3860 1000 3912 pax
1018 3843 1061 3893 diu
1083 3842 1160 3892 eliam
1177 3855 1209 3891 ec

105 3915 217 3968 feliciter
237 3914 349 3966 colatur
367 3914 474 3965 sinceris
496 3917 615 3981 precibus
637 3918 701 3971 deos
720 3921 832 3987 rogabit.
868 3916 949 3979 Quam
970 3912 1122 3967 seutentiam
1141 3925 1209 3976 poe-

105 3988 159 4039 ticis
180 3986 326 4038 coloribus
347 3982 497 4035 illustratam
515 3986 558 4037 ubi
577 3987 675 4047 addidit
693 3990 831 4051 Horatius,
860 4000 963 4038 carmen
990 3998 1022 4034 ea
1041 3981 1209 4032 1111111111)-

104 4057 189 4118 solvit,
211 4066 243 4108 ut
265 4072 282 4106 a
306 4069 363 4121 quo
381 4055 521 4120 prolectam
540 4068 611 4110 esset
630 4076 663 4110 co
681 4063 758 4111 etiam
785 4059 898 4118 rediret,
917 4054 950 4105 ad
969 4056 1123 4119 Augustum.
1160 4052 1210 4115 Qui

106 4143 160 4183 cunr
181 4127 369 4180 Februarioa
392 4123 440 4176 741
460 4142 492 4177 ex
509 4128 591 4180 Gellia
608 4146 730 4182 reversus
747 4132 790 4195 sit,
810 4122 943 4196 probabile
962 4132 1001 4174 est
1019 4136 1123 4172 carmen
1142 4124 1210 4173 scria

104 4208 253 4264 plumesce
274 4213 301 4247 a.
327 4192 406 4251 740„
634 4218 642 4229 .

171 4294 202 4345 V.
228 4295 254 4343 1.
301 4290 371 4341 diois
392 4298 445 4340 orte
465 4291 545 4362 toea]
575 4296 758 4361 intelliguntur
777 4292 842 4342 llaec
861 4305 893 4339 ex
913 4286 996 4338 Carm.
1016 4285 1062 4347 111,
1081 4285 1107 4347 2,
1126 4284 1212 4356 disq.

108 4362 274 4416 Contrarium
296 4367 343 4411 cst
360 4360 412 4411 Sat.
432 4360 463 4421 11,
480 4362 505 4425 3,
524 4364 550 4415 8.
573 4397 606 4411 --
628 4364 762 4436 llomuloc]
786 4360 880 4413 lisdem
899 4357 1020 4408 adiectivi
1043 4355 1123 4404 forma
1142 4356 1170 4406 G.
1185 4358 1211 4409 S.

107 4435 148 4484 47.
176 4436 254 4501 Virg.
278 4434 355 4483 Aen.
373 4428 415 4491 Vl,
432 4430 492 4482 817.
526 4436 559 4489 cl.
581 4437 665 4489 Garm.
689 4437 708 4499 l,
732 4437 773 4496 15,
793 4431 834 4483 11).
877 4429 966 4496 Altera
992 4428 1071 4478 lorino
1098 4433 1137 4474 est
1156 4428 1212 4479 lto-

81 4552 84 4557 ,
107 4505 211 4572 nutem,
231 4520 292 4557 non
316 4500 403 4552 minus
428 4501 538 4569 usitata,
558 4506 691 4574 eligebant
709 4512 803 4577 poetae
823 4508 905 4552 utram
922 4506 1031 4550 metrum
1048 4494 1213 4563 efflagitaret.
