3117 5042
429 385 524 450 trit.
546 387 599 450 [ΙΙ.
641 381 790 452 cittii.
816 390 839 452 l.
862 390 900 454 lt.
1152 393 1215 454 ret

537 566 725 642 Garmen
747 571 788 642 ll.

320 737 492 822 Angustam
513 735 611 798 amice
629 707 806 818 pauperiem
827 738 892 818 pati

323 843 481 908 Robustus
500 843 566 907 acri
584 842 694 906 militia
712 861 790 924 puer

362 951 530 1015 Condiscat
549 957 580 1012 et
602 949 733 1014 Parthos
755 952 876 1015 feroces

405 1060 507 1122 Vexet
529 1075 625 1141 eques
644 1058 823 1122 metuendus
843 1060 935 1124 hasta

291 1215 488 1297 avitumque
507 1215 562 1278 suli
585 1213 658 1277 diro
682 1221 713 1277 et
735 1215 864 1298 trepidis
886 1222 964 1298 ngat

324 1323 360 1387 ln
381 1323 482 1387 relus
524 1323 614 1387 illum
634 1341 674 1387 ex
695 1325 855 1424 moenibus
874 1324 999 1388 hosticis

567 1475 714 1530 Carmen
738 1478 772 1529 ll.

198 1577 271 1641 Quod
288 1577 323 1629 ud
341 1580 460 1646 superius
478 1594 581 1632 carmen
599 1581 748 1633 adnotatum
768 1588 827 1645 est,
845 1589 901 1632 arto
919 1580 1030 1649 quodum
1045 1578 1150 1631 vinculo
1168 1592 1216 1632 tex

137 1649 240 1699 carmina
251 1650 390 1703 coniuncta
407 1652 499 1717 teneri,
515 1650 542 1702 id
560 1667 593 1704 ex
610 1653 659 1703 hac
678 1666 826 1721 quoquere
841 1653 1028 1704 incrementum
1041 1652 1217 1703 veniatisca-

136 1719 187 1784 pit,
204 1720 272 1788 qnod
289 1719 341 1771 hoc
359 1721 467 1778 alterum
487 1724 592 1790 proprio
611 1722 721 1791 quodam
740 1722 810 1774 aditu
828 1738 881 1774 uon
902 1725 1017 1789 aperitur
1035 1722 1081 1774 sed
1099 1738 1116 1772 a
1134 1723 1217 1789 primo

136 1790 214 1841 strum
231 1806 310 1842 rersu
334 1791 464 1846 doctrinas
490 1792 525 1845 de
541 1793 720 1862 recuperanda
739 1793 824 1845 salute
842 1795 940 1862 patriae
958 1793 1103 1861 producere
1122 1792 1216 1860 pergit

136 1858 171 1911 Ex
185 1861 216 1912 iis
233 1877 302 1930 quae
325 1863 408 1929 primo
431 1865 545 1916 carmine
573 1865 705 1932 proposita
725 1873 786 1916 suut
807 1863 840 1916 de
861 1866 939 1916 animi
963 1865 1122 1916 continentia
1147 1861 1218 1914 dacili

136 1933 1059 2058 lttttlltr'ltltdllulltlltltnlllllm
1077 1935 1220 2056 titul:

136 2070 347 2155 dernuremedium
364 2084 405 2128 est
424 2021 541 2127 dduxuriac
567 2021 865 2145 rddti'tuitquepvtrtudes
884 2043 952 2146 quae
972 2021 1219 2129 immoddratoqluxu

136 2142 243 2208 perditae
261 2153 332 2199 sunt.
367 2146 528 2214 Paupertatis
547 2149 615 2199 enim
633 2156 775 2214 perpetuae
794 2150 902 2200 comites
919 2157 980 2200 suut
996 2146 1154 2215 principales
1164 2146 1220 2213 pri·

136 2229 229 2266 suorum
245 2215 419 2269 Romanorum
436 2217 591 2271 facultates:
619 2219 763 2284 fortitudo,
780 2234 848 2286 quac
868 2220 951 2270 civem
969 2217 1119 2271 horribilem
1136 2215 1221 2268 reddit

134 2282 242 2337 hmtihus
256 2288 400 2356 ⁴animoque
419 2297 499 2357 auget
515 2288 547 2340 ad
565 2297 672 2341 mortem
691 2304 738 2356 pro
758 2291 841 2357 patria
859 2289 1004 2341 obeundam
1020 2297 1132 2356 parato3
1152 2288 1220 2338 eivi-

137 2352 166 2405 lis
183 2358 277 2423 uirtus,
306 2373 376 2425 quae
397 2375 496 2412 nummu
520 2374 641 2430 quaeque
659 2362 684 2427 gi
723 2361 743 2413 it
760 2362 884 2429 virosque
902 2367 1009 2412 aeterno
1028 2360 1126 2411 honore
1143 2373 1217 2409 sum-

136 2431 410 2552 utilitati?
423 2427 1220 2554 ilttlttlll‘ilrtalltfflllzttl⁰⁸‘&lilii

135 2567 218 2620 timum
234 2570 302 2622 lrree
323 2573 448 2623 cecinerit
463 2572 593 2637 Horatius,
612 2574 638 2624 id
659 2572 709 2623 hoc
727 2588 832 2646 quoque
851 2573 974 2636 carmine,
990 2538 1018 2622 v:
1034 2572 1114 2636 215,
1132 2516 1223 2637 dperto

136 2638 249 2703 proditur.
286 2641 355 2705 Quid
376 2643 445 2694 culm
461 2644 562 2708 mirum,
582 2643 652 2711 quod
671 2652 749 2710 poeta
764 2642 845 2694 tribus
864 2642 916 2694 illis
930 2641 1097 2694 facultatibus
1116 2641 1221 2709 poetico

136 2713 380 2834 affligamus
402 2714 531 2766 iuventuti
559 2729 611 2783 quo
638 2715 747 2767 tendere
769 2713 864 2765 debeat
890 2712 974 2765 nitida
1001 2712 1111 2783 quadam
1135 2710 1223 2824 taltula

195 2869 224 2921 v.
245 2874 270 2924 t.
308 2877 445 2938 aspectum
459 2870 621 2938 pauperiem]
645 2869 807 2936 Paupertas,
824 2870 866 2921 cui
887 2868 969 2920 ultera
987 2867 1069 2919 lorura
1084 2867 1223 2937 pauperies

137 2939 245 2992 ruribus
264 2941 351 3007 magis
370 2939 504 2994 commoda
521 2939 659 2992 substituta
678 2949 735 3006 est,
765 2949 876 3008 angusta
904 2947 1012 2990 estnon
1031 2939 1091 3006 quia
1111 2938 1222 2989 molesta

135 3012 235 3076 premit,
262 3010 313 3064 sed
330 3012 391 3079 quia
408 3026 442 3061 ne
460 3009 578 3062 homiues
596 3013 623 3062 in
643 3010 768 3063 luxuriem
788 3018 925 3062 excurrant
941 3007 1070 3077 prohibet
1114 3008 1222 3076 Signili-

136 3087 200 3131 ortur
216 3084 296 3152 igitur
324 3082 374 3133 hoc
399 3081 528 3133 adiectivo
554 3081 703 3147 vinculum,
731 3097 783 3150 quo
810 3096 868 3133 eum
896 3082 1055 3133 continentia
1081 3087 1222 3147 paupertas

138 3152 305 3223 coniungitur.
352 3152 455 3204 Etenim
476 3154 520 3220 qui
538 3154 650 3218 animum
670 3169 744 3204 auum
761 3155 819 3220 ipse
839 3160 979 3220 temperat,
1005 3153 1028 3203 is
1047 3165 1145 3220 pauper
1164 3157 1222 3214 est3

138 3228 161 3270 et
175 3226 217 3290 qui
235 3238 338 3293 pauper
357 3230 406 3288 est,
423 3219 446 3274 is
463 3239 515 3275 nou
534 3231 621 3289 potest
638 3225 727 3276 faeere
741 3226 805 3292 quin
823 3224 977 3291 cupiditates
995 3223 1074 3275 animi
1092 3223 1222 3290 reprimat,

137 3297 244 3360 angustis
263 3293 360 3346 linibus
378 3298 506 3346 coereeat.
524 3292 557 3344 cd.
579 3293 663 3345 Carni.
682 3293 727 3359 tn,
748 3296 789 3360 16,
799 3295 843 3348 39.
861 3324 895 3340 -
918 3294 1011 3369 amice}
1033 3294 1153 3358 libenter,
1170 3305 1223 3344 non

136 3374 215 3430 aegre.
236 3364 321 3418 'ldale
347 3379 380 3416 ex
405 3364 479 3416 codd.
509 3364 627 3415 nonnulli
653 3367 799 3417 vocativum
821 3375 987 3432 sumpserunt
1006 3366 1102 3429 amiei5
1128 3378 1223 3429 nempe

137 3436 205 3486 tmici
222 3437 254 3487 ab
275 3436 318 3487 his
338 3435 494 3486 canntnilus
512 3433 664 3487 alienissimi
683 3445 750 3487 sunt
780 3435 938 3487 Adhortatur
957 3437 1000 3486 hie
1012 3443 1089 3502 poeta
1106 3437 1226 3497 iuvenes,

136 3510 167 3568 ut
178 3514 357 3574 paupertatem
376 3521 428 3557 non
444 3505 522 3557 modo
538 3521 591 3558 uon
610 3513 775 3557 contemnant
788 3506 835 3557 aed
846 3509 922 3557 etiarn
938 3521 985 3572 pro
1003 3507 1086 3556 amica
1103 3504 1224 3555 habeant

136 3604 167 3617 -
183 3578 311 3647 ruinius]
335 3590 381 3643 pro
400 3577 536 3644 participio
552 3575 603 3628 hoc
622 3578 751 3643 positum:
770 3576 890 3628 robustus
910 3577 1012 3636 iaetus3
1033 3572 1103 3641 quod
1121 3589 1155 3625 no
1173 3573 1223 3624 du-

138 3645 185 3697 n'm
202 3663 262 3699 esse
282 3655 371 3716 pates,
389 3661 510 3714 compara
529 3646 578 3698 hos
597 3645 694 3698 similes
712 3646 785 3698 locos
813 3647 895 3712 Epod.
920 3650 943 3710 1,
962 3645 1007 3698 at.
1027 3645 1068 3710 16,
1084 3644 1130 3696 34.
1165 3644 1221 3695 liv.

136 3714 163 3780 t,
179 3718 204 3781 i,
221 3717 239 3770 9
263 3719 311 3770 ulti
328 3716 362 3769 ad
382 3717 462 3769 rerba
481 3717 599 3770 emmeles
619 3718 788 3769 dictatoresve
806 3718 895 3768 eadem
916 3717 1072 3768 necessitate
1091 3716 1158 3782 (ocu
1178 3716 1221 3765 in-

134 3785 300 3856 telligendum
319 3796 366 3839 est.
387 3783 419 3831 -Ι
440 3788 561 3858 Portica]
582 3788 694 3839 invictos
713 3788 779 3839 adeo
801 3795 827 3839 et
847 3788 1028 3838 infestissimos
1047 3786 1145 3836 nomini
1166 3784 1222 3836 llo·

138 3870 215 3910 muno.
235 3888 270 3906 ·-
304 3860 445 3928 clampre]
464 3857 593 3910 Particula
615 3875 662 3925 pue
681 3873 739 3910 cum
757 3874 802 3910 eas
822 3867 909 3924 partes
928 3857 1068 3924 coniungat
1094 3871 1162 3923 quae
1178 3870 1228 3906 na-

137 3933 188 3980 tura
204 3946 251 3982 sna
270 3931 357 3997 magis
378 3944 454 3997 quum
473 3945 536 3981 casu
560 3931 733 3996 copulantur,
762 3930 788 3980 lt.
808 3928 826 3980 l.
846 3945 890 3981 eas
910 3938 996 3996 partes
1014 3926 1132 3979 militaris
1156 3927 1227 3978 ritae

138 3997 256 4068 emungit,
276 4001 372 4069 quibus
391 4001 501 4053 iuuenes
522 4000 668 4052 desiderata
688 4008 842 4068 paupertate
860 4002 971 4051 mammo
984 4004 1144 4050 assuescant.
1171 3998 1226 4048 llae

137 4071 199 4130 euim
215 4070 355 4134 molestiae
371 4079 432 4123 sunt
449 4086 514 4139 quas
532 4070 611 4122 habet
627 4070 727 4135 militia,
744 4080 773 4122 ut
793 4071 890 4122 milites
910 4080 938 4123 et
958 4069 1005 4120 sub
1026 4069 1086 4122 divo
1106 4068 1224 4120 omnibus

138 4142 357 4195 commoditatibus
386 4151 505 4194 carentes
533 4141 673 4209 perdurare
702 4152 828 4210 coguntur
850 4150 877 4193 ot
904 4143 929 4192 in
951 4142 1083 4208 perpetuis
1101 4139 1226 4207 periculis

138 4221 276 4265 vorsentur.
315 4212 390 4265 Unde
408 4211 518 4278 videbis,
543 4213 693 4280 particulam
713 4222 737 4266 et
756 4229 780 4265 v.
801 4213 817 4264 5
837 4228 889 4263 nou
907 4227 986 4279 posse
1006 4228 1062 4263 cum
1084 4211 1227 4277 Doeringlo

108 4337 113 4341 ,
139 4282 224 4346 omitti.
243 4315 278 4326 -
300 4283 386 4353 imm}
408 4283 434 4335 Ιι.
446 4300 470 4336 e.
488 4283 567 4336 talem
584 4287 715 4348 iuvenem,
732 4277 776 4351 q'ui
794 4283 826 4334 ad
844 4283 910 4334 hanc
930 4299 1047 4335 severam
1063 4282 1225 4348 disciplinam

140 4365 194 4403 rese
211 4354 341 4405 formavit.
388 4356 526 4421 Sapienter
550 4364 636 4406 autem
658 4363 743 4421 poeta.
763 4357 917 4421 gravitatem
942 4355 1076 4405 doetrinae
1100 4353 1229 4418 mitigavit

143 4423 247 4492 exempli
267 4433 296 4476 et
315 4427 433 4495 picturae
451 4425 619 4478 viridissimis
639 4425 770 4476 coloribus
788 4426 925 4477 distinctae
944 4427 1073 4476 suavitate
1092 4425 1229 4490 etgratia3

143 4507 205 4560 quas
220 4497 287 4550 ratio
302 4505 333 4549 ut
351 4499 436 4566 aptior
453 4505 494 4552 est
517 4496 551 4550 ad
578 4497 687 4565 lyricum
705 4512 789 4565 genus
807 4499 844 4548 itu
865 4499 964 4549 animos
981 4498 1106 4550 iuvenum
1123 4502 1230 4562 spectu·
