3117 5042
384 402 447 480 aso
784 410 1094 474 santernum·

467 596 612 661 Omnibus
633 604 671 657 et
686 595 779 677 lippis
800 601 903 657 notum
926 600 957 655 et
977 594 1153 661 tonsoribus
1176 612 1250 656 ease

466 694 589 769 Persius
608 705 658 767 bic
678 722 850 785 permagna
871 704 999 786 negotia
1021 703 1110 766 dices
1132 702 1263 766 babebat

435 833 448 876 ⁵
470 813 680 887 Clazomenis,
701 813 793 877 etiam
814 813 886 874 lites
906 830 973 874 oum
994 812 1082 891 llsge
1101 811 1268 883 molestas,

466 923 569 985 nurus
588 920 678 984 bomo
699 927 792 1003 atque
812 920 883 983 odio
904 920 955 1003 qui
975 925 1080 1001 posset
1103 919 1229 982 vincere
1248 919 1366 1000 lisga,

467 1026 632 1093 &addens
653 1029 858 1111 tumidasque,
880 1028 959 1090 adeo
979 1027 1129 1101 sermonis
1150 1028 1257 1105 amari,

468 1138 632 1215 Sisenna,
656 1137 772 1201 Barros
793 1145 827 1199 ut
850 1136 936 1219 equis
957 1142 1174 1218 praecurreret
1194 1135 1279 1198 albis.

470 1246 518 1309 Ad
540 1248 655 1328 Regem
676 1245 778 1308 redeo.
822 1245 985 1327 Postquam
1004 1244 1080 1307 nibil
1100 1244 1184 1313 iuter
1205 1251 1351 1326 auumque

421 1374 450 1420 ro
469 1354 641 1430 convenio
664 1355 722 1416 boe
744 1353 855 1427 etenim
877 1359 948 1415 sunt
965 1371 1070 1415 omnes
1088 1354 1157 1416 iure
1178 1351 1310 1425 molesti,

467 1466 534 1542 Quo
556 1464 671 1540 fortes,
691 1461 800 1544 quibua
820 1461 991 1525 adversum«
1006 1461 1119 1524 bellum
1139 1460 1264 1523 incidit:
1288 1458 1362 1522 inter

467 1572 599 1634 nemon
621 1570 795 1633 Priamiden
816 1569 983 1633 animosum
1003 1582 1096 1651 atque
1115 1569 1198 1632 inter
1219 1567 1357 1630 Achillen

466 1680 518 1744 lra
539 1678 778 1760 retemptatis,
800 1685 834 1741 ut
855 1678 963 1740 ultima
983 1677 1137 1739 divideret
1158 1695 1259 1754 mors,

466 1788 534 1850 Nou
558 1787 653 1850 aliam
674 1786 713 1848 ob
735 1805 878 1863 oausam,
905 1785 963 1849 nisi
987 1785 1065 1868 quod
1089 1785 1188 1847 virtus
1207 1783 1239 1847 in
1259 1774 1391 1865 utroque

418 1913 447 1957 st
467 1896 591 1959 Summa
608 1895 688 1971 tuin
708 1894 769 1957 duo
789 1894 816 1957 ai
836 1894 991 1991 discordis
1013 1892 1252 1956 verset-inertas

354 2154 357 2161 .
385 2115 494 2182 eiusque
513 2115 661 2165 comitatum
681 2121 802 2180 receptus
822 2121 871 2166 est.
906 2113 939 2164 ct.
961 2130 987 2165 v.
1007 2114 1050 2166 25.
1088 2111 1213 2165 Consulto
1231 2111 1345 2164 linratim
1362 2123 1445 2176 eogno-

386 2200 445 2241 men
467 2186 596 2251 inpriore
616 2184 676 2237 loco
692 2187 788 2253 posuit,
806 2200 858 2253 quo
868 2193 998 2251 certamen
1017 2184 1051 2235 ali
1071 2184 1123 2236 nod
1141 2185 1251 2237 oriretur
1272 2184 1336 2249 inter
1351 2181 1447 2248 proscri-

384 2265 455 2324 ptum
473 2263 500 2307 et
516 2254 623 2324 [legem.
651 2286 685 2297 -
723 2254 838 2327 Persius]
858 2254 1038 2309 Clazomenius
1088 2256 1115 2319 it,
1135 2264 1208 2323 patra
1225 2254 1354 2318 Asiatico,
1380 2260 1445 2302 matrs

385 2326 516 2389 Ilumann3
539 2327 600 2378 inde
619 2326 726 2394 hybrida
744 2326 844 2391 dicitur.
882 2329 935 2379 lam
960 2329 981 2379 si
1002 2327 1063 2395 quid
1080 2326 1144 2379 licet
1160 2326 1278 2389 diuinare
1298 2324 1329 2376 de
1346 2324 1388 2373 bac
1405 2321 1448 2381 lits,
1504 2366 1505 2371 ,

385 2398 501 2450 Persium
520 2400 606 2466 cogita
624 2406 793 2450 mercaturam
810 2394 906 2450 fecisse
924 2398 1059 2449 frumentis
1080 2396 1234 2466 colligendis
1254 2412 1286 2447 ac
1302 2392 1447 2471 dip'endeudis

384 2468 418 2520 ci.
437 2485 462 2521 v.
482 2468 518 2532 t;
544 2469 569 2521 id
593 2469 662 2537 quod
685 2468 821 2537 probabile
839 2469 867 2521 fit
887 2485 920 2521 ax
939 2466 1112 2520 contumeliae
1131 2484 1228 2536 genere
1247 2483 1299 2536 quo
1320 2483 1344 2518 u.
1360 2468 1392 2517 ii
1402 2479 1445 2531 sqq.
1504 2488 1505 2493 ¹

383 2542 462 2591 utitor
479 2539 591 2592 Persius.
627 2540 742 2607 Rupilio,
763 2540 825 2591 olim
847 2543 969 2609 magistro
987 2541 1119 2591 societatis
1139 2539 1291 2606 bithynicus
1307 2541 1391 2609 reique
1404 2536 1447 2589 lm-

383 2613 525 2663 mentariae
549 2613 659 2663 fortasse
679 2614 771 2679 perito,
789 2611 891 2675 Brutus,
912 2621 940 2662 ot
957 2610 1066 2676 videtur,
1084 2606 1225 2679 colligendi
1244 2611 1391 2677 emendique
1405 2606 1448 2657 iro-

382 2684 462 2733 menti
483 2685 588 2750 negotia
604 2682 786 2745 mandauerat3
813 2697 958 2750 quaecum
977 2682 1198 2745 insuesceret,
1217 2681 1296 2733 facile
1318 2680 1372 2732 lieri
1384 2678 1449 2746 ponit
1503 2682 1504 2709 l

384 2761 412 2804 ut
430 2768 487 2804 cum
508 2754 596 2805 Persio
615 2756 777 2821 negotiatore
796 2752 1051 2817 incommodis-vel
1069 2752 1238 2804 incommodis
1259 2755 1382 2807 exercitus
1397 2746 1449 2800 Bm·

384 2825 446 2875 tiani
468 2822 582 2892 litigaret
606 2859 641 2868 -
657 2824 734 2894 lippia
765 2823 908 2875 Admodum
927 2825 1049 2893 iroquens
1068 2824 1165 2877 llomae
1187 2823 1315 2891 lippitudo
1335 2824 1391 2883 iuit;
1411 2823 1447 2871 iau

386 2911 444 2946 cum
464 2897 482 2945 ii
510 2897 554 2965 qui
581 2912 613 2947 ex
636 2895 719 2948 oculis
749 2894 887 2946 aborareut
906 2904 977 2947 certa
1004 2896 1200 2964 negotiaaequi
1221 2910 1272 2949 non
1291 2900 1407 2967 possept,
1430 2890 1449 2939 it

386 2966 534 3030 medicinis,
553 2982 604 3035 quo
623 2964 958 3031 illinendorumocnlorbm
976 2981 1053 3018 causa
1073 2965 1272 3031 conveniebant,
1288 2961 1448 3016 diutiussedo-
1502 2990 1503 3013 t

383 3037 445 3088 bant
463 3047 489 3088 et
507 3037 744 3090 confabulabantur.
785 3037 912 3089 Tonantes
932 3046 1017 3088 antem
1038 3039 1115 3089 etiam
1132 3040 1251 3105 antiquos
1272 3036 1447 3106 loquacissimos

384 3108 475 3169 luisse,
494 3108 554 3176 quid
574 3107 685 3161 mirum?
714 3139 744 3151 -
774 3108 912 3178 confidens}
934 3108 967 3159 ci.
989 3107 1044 3160 cic.
1061 3108 1135 3159 Tusc.
1154 3109 1200 3165 ΙΙΙ,
1216 3109 1240 3172 7,
1254 3105 1301 3160 tt.
1334 3139 1364 3149 -
1391 3104 1448 3156 toni-

384 3179 487 3248 desqoe]
508 3179 592 3230 Garm.
613 3180 656 3243 lV,
674 3181 700 3242 ὃ,
721 3179 748 3231 8.
773 3179 817 3231 Sat
843 3177 877 3243 11,
895 3179 921 3243 5,
935 3178 980 3232 98.
1001 3178 1035 3243 ll,
1052 3178 1149 3244 amo.
1175 3182 1207 3231 Α.
1222 3178 1250 3231 Ρ.
1263 3179 1307 3232 94.
1327 3211 1360 3221 -
1378 3178 1449 3229 Sism-

382 3265 441 3311 sns,
457 3251 566 3319 Barros]
587 3248 704 3301 homines
722 3248 864 3301 maledicos
882 3266 912 3301 ac
930 3250 1073 3301 mordaces.
1086 3282 1117 3292 -
1129 3252 1198 3318 equis
1216 3250 1382 3321 nilisJ„quasi
1398 3260 1449 3314 qut·
1501 3306 1502 3311 ,

387 3318 467 3388 drigis
486 3319 682 3387 triumphalibus
700 3321 856 3372 incedente.
886 3319 974 3372 Scitol.
1011 3320 1070 3372 Albi
1088 3322 1155 3372 enim
1173 3322 1235 3389 equi
1253 3322 1391 3377 nobiliores
1406 3322 1450 3367 mut
1501 3346 1502 3371 t

387 3391 471 3459 „quod
492 3393 605 3442 victores
626 3392 651 3442 iu
670 3391 799 3463 triumpho
819 3390 884 3442 albis
907 3392 980 3460 equis
997 3384 1255 3447 vectari'solebaat!
1275 3392 1373 3444 Erasm.
1386 3389 1448 3453 ddtg.

386 3462 407 3527 1,
425 3462 452 3524 t,
477 3465 519 3514 21.
545 3496 580 3505 -
610 3462 765 3531 Antiopen
780 3463 870 3532 redeo]
891 3462 1034 3531 Exspectas
1052 3473 1155 3531 poetam
1173 3463 1233 3514 hinc
1253 3463 1350 3531 Rupilii
1370 3471 1450 3529 quoquo

388 3543 531 3585 accuratam
550 3533 661 3603 aliquam
679 3549 777 3586 morum
803 3533 1004 3601 descriptionem
1028 3532 1172 3586 additurum
1192 3550 1269 3597 esse3
1298 3535 1344 3587 sed
1370 3533 1450 3585 trusos
1500 3578 1501 3601 ἶ

387 3607 503 3657 nimirum
523 3621 556 3655 ne
577 3607 672 3671 primus
690 3620 781 3656 versus
796 3604 915 3656 dilatatus
930 3602 1013 3656 redire
1024 3606 1162 3657 uideretur.
1178 3606 1277 3680 'Quare
1291 3604 1450 3664 nondiilitoor·

386 3676 474 3728 duram
495 3676 561 3728 banc
577 3676 638 3727 mibi
661 3676 742 3727 uideri
762 3675 886 3727 redeundi
904 3679 1045 3739 rationem
1069 3692 1121 3745 qne
1144 3692 1190 3727 cur
1215 3692 1281 3744 opus
1312 3679 1386 3731 tuorit
1402 3668 1448 3724 nibil

387 3747 482 3799 videas.
504 3782 539 3791 -
555 3747 662 3816 molesti]
686 3747 822 3811 diiticiles,
841 3762 947 3814 quorum
968 3746 1126 3799 alteralteri
1144 3763 1197 3798 non
1217 3748 1293 3799 cedit.
1330 3748 1378 3812 Qui
1395 3758 1449 3795 con·

389 3828 508 3885 parantur
528 3834 585 3870 cum
612 3818 759 3870 bominibus
783 3817 934 3869 fortitudine
963 3818 1068 3887 paribus
1086 3827 1124 3869 et
1142 3834 1225 3886 usque
1246 3819 1278 3870 ad
1298 3829 1450 3881 mortenpu·
1499 3850 1500 3885 3

377 3891 541 3957 ›guantibus3
574 3884 682 3957 quorum
710 3889 829 3955 exempla
854 3898 913 3940 sunt
930 3889 1025 3941 llector
1048 3888 1217 3941 etAcltilles.
1265 3890 1325 3943 Alia
1352 3888 1450 3941 ratiootl
1499 3944 1500 3953 q

338 3974 344 3984 ¹
390 3960 724 4028 bominum'pugnantium,
759 3972 867 4027 quorum
885 3961 951 4012 alter
969 3961 1063 4025 tortis,
1090 3960 1156 4012 alter
1172 3962 1282 4027 ignavus
1301 3966 1357 4023 'est;
1382 3953 1449 4026 anltt

391 4029 510 4082 dicuntur
527 4030 609 4082 luisse
629 4030 766 4083 Diomedes
786 4039 812 4081 et
829 4030 960 4094 Glaucus,
1007 4048 1142 4100 numquam
1161 4031 1273 4084 Glaucus
1293 4033 1361 4101 apud
1376 4031 1449 4082 dont·

390 4120 444 4154 rum
462 4102 492 4153 ll.
513 4103 555 4165 vt,
572 4102 621 4154 119
633 4119 688 4171 sqq.
708 4104 816 4170 ignaras
835 4117 886 4154 non
905 4112 953 4153 est.
988 4049 1051 4155 lota
1071 4112 1156 4154 autem
1173 4103 1236 4167 baec
1258 4104 1406 4172 comparatio
1418 4098 1449 4144 tl·

389 4176 454 4225 tiosa
473 4173 581 4242 quadam
598 4176 715 4243 ubertate
735 4188 787 4224 nou
806 4183 893 4237 caret;
913 4189 999 4241 neque
1010 4183 1089 4243 gratu
1107 4182 1147 4225 est
1164 4174 1229 4225 baec
1246 4178 1368 4227 orationis
1384 4166 1448 4236 aseli-

391 4247 492 4312 gentia,
522 4255 571 4311 quo
601 4244 720 4295 inchoate
750 4246 861 4295 narratio
879 4250 920 4314 (a,
941 4244 972 4365 93
995 4248 1079 4297 statim
1100 4245 1261 4315 relinquitur.
1307 4249 1384 4299 versu
1398 4239 1448 4292 wll*

392 4316 493 4367 decimo
515 4324 607 4365 octavo
629 4316 662 4366 da
680 4317 782 4382 integro
802 4318 894 4367 iterum
913 4318 955 4368 inc
974 4324 1063 4378 ostur;
1093 4333 1153 4368 nam
1171 4320 1228 4385 quis
1249 4319 1288 4369 sic
1317 4317 1447 4376 contonam

391 4396 540 4454 „postquam
558 4385 620 4435 nibil
642 4388 708 4437 inter
727 4395 862 4454 utrumqne
882 4388 1015 4451 convenit,
1030 4388 1108 4441 Bruto
1129 4398 1248 4455 praetore
1268 4396 1370 4440 tsnemo
1385 4386 1448 4437 [littn

392 4459 478 4507 Asiam
497 4454 583 4521 Rupili
601 4465 627 4507 et
645 4457 714 4508 Persi
732 4473 779 4525 par
795 4457 937 4525 pugnat'?“
970 4489 1004 4500 -
1034 4462 1103 4511 ister
1120 4467 1196 4528 otqas
1212 4462 1291 4532 inter}
1310 4460 1378 4527 Epist
1399 4452 1447 4513 Η·

395 4527 435 4576 12.
466 4525 521 4576 biv.
541 4525 572 4587 Χ,
591 4525 616 4588 7,
637 4529 658 4578 i.
693 4526 746 4578 Cic.
765 4528 799 4579 de
816 4530 956 4595 amic'25,
976 4528 1020 4583 95.
1057 4530 1096 4582 De
1119 4540 1194 4599 atqua
1220 4531 1347 4599 particula
1365 4516 1449 4580 ridell
