3117 5042
800 350 1078 418 conminuet

554 533 628 598 sEt
646 539 739 597 esau
758 534 889 601 nemum
909 540 985 617 pota
1006 533 1190 625 (lepidiorem

583 644 713 707 beatum
734 642 894 706 sollicites
937 644 996 706 llle
1019 644 1149 709 virentis
1169 654 1201 709 et

627 750 746 814 Itomae
765 749 902 832 psallere
921 748 1018 815 cuiae

669 856 810 921 Pulchris
835 858 966 923 excubat
988 859 1020 923 in
1042 860 1142 941 genis.

582 1007 777 1089 Importunas
799 1008 881 1071 enin
900 1008 1079 1073 transvolat
1100 1009 1208 1075 aridos

529 1132 559 1177 ro
579 1118 717 1193 Quercus
735 1121 766 1179 ct
790 1117 909 1199 rengis
929 1121 961 1179 te
981 1117 1053 1199 quia
1072 1117 1167 1183 luridi
1206 1174 1212 1182 .
1262 1174 1267 1182 .

624 1223 758 1303 Dentes,
778 1229 811 1286 te
832 1224 904 1309 quia
923 1241 1023 1307 rugae

671 1331 815 1412 'l'urpaut
834 1337 866 1393 et
885 1331 998 1417 capitis
1017 1332 1114 1397 nives.

582 1480 646 1543 Nec
666 1478 750 1544 Coae
773 1483 914 1544 referunt
933 1480 996 1545 iam
1015 1481 1073 1546 tibi
1091 1500 1248 1566 purpurae

582 1589 646 1652 Nee
670 1588 748 1652 clari
769 1588 890 1671 lapides
909 1596 1067 1672 tempora,
1093 1608 1173 1674 quse
1192 1592 1287 1656 semel

537 1713 566 1757 rs
625 1696 715 1760 Notis
735 1697 859 1761 condita
879 1698 971 1761 fastis

664 1805 793 1868 inclusit
813 1805 950 1868 volueris
968 1805 1045 1872 dies.
1082 1822 1086 1827 ·

581 1955 648 2031 Quo
674 1955 755 2036 fugit
777 1973 891 2031 venus,
914 1956 989 2034 beu,
1013 1973 1114 2039 quove
1135 1958 1245 2021 colori
1263 1956 1369 2021 decens

580 2063 648 2139 Quo
669 2064 793 2126 motus?
833 2064 914 2140 Quid
938 2063 1034 2128 bobes
1052 2064 1285 2147 altuspullus,

624 2171 711 2247 Quae
730 2170 872 2252 spirabat
892 2190 1033 2251 amores,

525 2293 557 2341 to
660 2281 747 2355 Quae
767 2297 816 2342 me
836 2288 1002 2362 surpuerat
1022 2280 1111 2361 mini,

579 2427 670 2492 Felix
688 2435 760 2510 post
781 2427 945 2508 Cinaram,
966 2437 1102 2513 uotaque
1121 2435 1154 2492 et
1175 2430 1288 2495 artium
1509 2440 1510 2499 l

468 2609 499 2661 V.
520 2607 546 2662 6.
565 2607 672 2680 lenones]
695 2608 741 2660 tibi
760 2623 814 2660 non
835 2606 1030 2677 obsequentem.
1048 2638 1083 2650 —
1109 2609 1226 2680 esculat]
1248 2609 1293 2664 Sic
1313 2608 1388 2676 Sopb.
1403 2609 1450 2659 Aut.
1507 2626 1508 2675 p

382 2679 553 2747 ttoz'apor
572 2713 608 2723 -
626 2678 657 2738 δι’
676 2681 709 2733 ἓν
727 2684 870 2752 μαλακαῖς
889 2689 1023 2748 παρειαῖς
1039 2681 1172 2740 raesides
1189 2681 1357 2751 ἐννυχεύεις.
1390 2678 1452 2732 Sull-
1506 2720 1507 2727 κ

381 2759 425 2803 eet
443 2750 479 2801 ibi
498 2751 573 2818 quasi
592 2752 618 2800 in
638 2752 751 2801 statione
768 2750 880 2817 qnadara
899 2759 947 2814 cst,
965 2750 1035 2801 unde
1050 2766 1114 2819 quos
1132 2751 1199 2803 uelit
1214 2753 1325 2803 iuvenes
1343 2752 1450 2817 capist—
1506 2734 1507 2759 ¹

324 2827 326 2829 ’
380 2821 551 2894 importunus}
573 2822 686 2887 iniquus,
705 2820 837 2883 difficilis;
859 2820 946 2887 lepida
965 2821 1015 2871 hoc
1034 2837 1067 2872 ex
1084 2830 1171 2873 mento
1189 2822 1284 2888 Lycao,
1302 2822 1452 2873 similium·
1505 2804 1506 2849 l

381 2903 406 2946 te
422 2893 494 2968 putu]
519 2893 590 2944 ilaec
617 2907 722 2959 quoque
745 2907 916 2959 magnacum
934 2894 960 2941 vi
981 2891 1101 2943 insimili
1121 2906 1242 2944 versuum
1263 2893 1327 2945 sede
1348 2891 1452 2945 collocas
1504 2916 1505 2937 ι

380 2973 460 3026 sunt3
491 2965 612 3015 nimirum
638 2965 698 3030 quin
716 2964 743 3013 in
765 2971 876 3030 utroque
896 2978 973 3015 versu
993 2962 1119 3014 diaeresis
1138 2963 1291 3030 praecedit,
1320 2966 1364 3032 qui
1383 2963 1452 3029 legul
1503 3004 1504 3023 t

381 3034 557 3097 redintegrata
573 3035 647 3102 quasi
666 3049 732 3085 roco
753 3037 802 3086 ista
822 3032 950 3085 irrisionis
969 3033 1047 3101 plena
1064 3033 1191 3086 vocabula
1202 3037 1370 3102 pronuntiare
1385 3042 1452 3085 dsu-

383 3107 509 3157 dientiam
526 3107 625 3156 animos
643 3120 719 3171 quam
738 3106 848 3156 maxime
867 3112 974 3172 tongera
992 3120 1075 3171 prope
1093 3115 1229 3172 eoguntur.
1267 3106 1306 3158 Et
1323 3114 1384 3174 part
1403 3116 1452 3153 em-
1502 3102 1503 3111 ’

382 3176 526 3229 secutirsm
544 3178 596 3227 vim
616 3174 694 3226 babet
711 3184 736 3225 ot
753 3184 909 3244 proptsreo3
935 3190 1016 3242 quare
1044 3178 1079 3227 ita
1101 3176 1338 3244 interpungendum
1358 3177 1413 3239 luit,
1431 3178 1452 3221 ul
1501 3194 1502 3197 ¹

383 3247 425 3298 bis
444 3247 555 3312 positum
576 3260 717 3312 pronomen
732 3256 756 3298 ts
775 3261 808 3297 ex
826 3255 938 3313 utroque
957 3245 1038 3298 verbo
1057 3249 1162 3314 reducit,
1179 3257 1286 3316 temnat
1299 3248 1406 3314 pendere
1419 3244 1451 3293 is-
1500 3264 1501 3285 i

383 3315 554 3383 telligeretur.
574 3347 608 3357 -
628 3318 720 3384 cupitis
739 3319 822 3384 nicos]
844 3316 951 3380 Quintil.
970 3316 1038 3379 vul,
1050 3315 1076 3382 6,
1089 3318 1135 3369 17:
1156 3320 1235 3383 „Sunt
1253 3317 1380 3377 ctdurae‚
1394 3315 1452 3367 idai
1499 3334 1500 3373 l

380 3404 400 3440 a
424 3389 566 3455 longinque
584 3387 752 3438 similitudine
773 3387 865 3438 ductae
886 3384 1067 3438 translationes
1085 3391 1217 3457 uteopitis
1232 3391 1330 3440 seireff
1358 3387 1451 3452 llioiptt
1498 3416 1499 3461 p

384 3459 559 3512 translationis
568 3457 679 3509 claritate
699 3459 766 3509 risus
786 3465 912 3508 movetur.
932 3489 964 3500 -
986 3458 1057 3509 Coae
1071 3465 1216 3528 perperos]
1235 3468 1329 3510 tenues
1345 3476 1374 3510 ao
1388 3468 1451 3525 pseuc
1497 3492 1498 3547 1

402 3529 530 3583 elluoidae
548 3544 580 3580 ex
600 3528 763 3592 bombycinis
783 3527 834 3578 iilis
845 3535 983 3579 contextae
994 3537 1100 3592 uestes,
1122 3530 1248 3581 cxinsuls
1266 3528 1339 3594 Coo,
1356 3532 1380 3581 in
1395 3539 1452 3595 quau

381 3547 525 3667 bombyces
537 3598 903 3665 e10rienteapportabantur.
915 3630 948 3641 -
959 3598 1027 3650 clari
1043 3598 1154 3670 lapides]
1175 3602 1285 3652 uniones
1299 3600 1450 3669 splendentes

384 3675 428 3727 Sic
448 3674 544 3723 rectius
566 3670 686 3722 scribitur
702 3684 779 3737 quam
806 3672 882 3733 cori,
905 3685 937 3721 ex
958 3669 1034 3723 codd.
1081 3670 1176 3722 Dicere
1195 3674 1264 3723 enim
1283 3671 1371 3724 debuit
1385 3676 1451 3738 putus

384 3758 419 3795 ne
436 3744 558 3794 unionum
576 3740 680 3809 quidem
698 3739 863 3807 splendorem
882 3749 1044 3791 venustatem
1070 3749 1097 3791 et
1114 3742 1274 3794 iuventutem
1293 3742 1373 3795 semel
1389 3740 1451 3791 auis·

384 3830 438 3868 sam
459 3828 538 3881 posse
559 3814 667 3863 reterre.
709 3810 774 3863 llam
796 3809 861 3862 nihil
878 3811 912 3863 ad
929 3810 955 3861 lu.
973 3809 990 3863 l.
1007 3810 1079 3863 ualet
1103 3813 1173 3879 quod
1196 3815 1306 3880 pretiosi
1326 3817 1394 3866 etiam
1407 3814 1450 3861 sart

384 3889 502 3937 uniones.
523 3914 548 3926 -
572 3900 652 3934 cenos
685 3890 809 3934 venustas
828 3890 855 3933 et
874 3883 966 3949 gratia,
984 3890 1013 3933 ut
1031 3880 1113 3949 Epist.
1130 3882 1152 3945 1,
1173 3883 1199 3947 6,
1221 3885 1265 3941 38.
1284 3886 1318 3940 Α.
1338 3885 1363 3937 P.
1380 3881 1450 3934 ll„-

385 3957 469 4022 color]
489 3953 522 4005 el.
542 3953 624 4005 Germ.
635 3888 680 4019 ll,
691 3954 733 4016 10,
744 3953 770 4006 4.
789 3983 823 3993 -
841 3957 991 4022 stupuerat]
1012 3952 1044 4004 ol.
1056 3953 1108 4005 Set.
1126 3954 1159 4017 ll,
1179 3955 1204 4020 3,
1221 3956 1283 4008 283.
1303 3952 1344 4008 De
1359 3962 1449 4020 ernstii

384 4026 446 4076 vide
463 4025 495 4075 ad
513 4024 596 4076 Germ.
616 4023 650 4088 ll,
668 4025 695 4087 2,
714 4026 741 4076 2.
761 4054 795 4065 -
822 4023 896 4093 felde]
920 4032 1004 4075 amata
1021 4032 1048 4076 et
1064 4023 1184 4077 laudibus
1203 4025 1344 4079 celebrata.
1362 4058 1390 4068 -
1408 4024 1449 4089 pti*

386 4097 525 4163 Cinaram]
558 4097 777 4146 Commemoratur
802 4093 867 4144 haec
893 4095 1002 4159 Cinara,
1032 4109 1109 4162 quern
1135 4111 1198 4148 rere
1219 4112 1322 4149 amasse
1343 4093 1448 4150 nonius

383 4181 475 4218 omnes
493 4167 658 4229 existimant,
676 4165 760 4220 Germ.
780 4165 824 4228 lv,
847 4168 871 4225 1,
890 4164 916 4218 4.
936 4165 1016 4233 Epist
1038 4166 1058 4230 1,
1078 4164 1103 4231 7,
1122 4168 1165 4220 28.
1185 4166 1206 4229 l,
1228 4168 1270 4231 ts,
1286 4171 1332 4222 33.
1367 4160 1449 4229 Proptit

385 4240 498 4290 carmine
519 4251 551 4287 ea
573 4236 675 4287 laudata
692 4251 744 4287 noa
765 4244 805 4285 est
856 4233 957 4303 Ubique
981 4236 1032 4287 boc
1050 4236 1154 4288 nomine
1177 4237 1301 4291 llomtius
1317 4240 1450 4290 inventutem

384 4306 1029 4430 2:22³titltlilltitiffltlti„illl
1048 4323 1081 4360 ⁰¹
1099 4308 1249 4446 ltili:
1263 4302 1450 4450 ilidii

385 4449 501 4516 genitivo
520 4447 554 4498 el.
566 4447 650 4500 Carm.
668 4447 701 4513 ll,
709 4449 736 4511 2,
744 4449 771 4503 6.
792 4447 877 4500 ilicet
892 4448 1020 4515 particula
1038 4464 1085 4517 pro
1097 4452 1183 4503 ,eriam
1202 4460 1250 4503 est.
1280 4451 1369 4504 Facies
1384 4453 1449 4499 subu
