3117 5042
398 588 442 631 mo
463 570 528 632 lloe
546 588 606 650 ego
626 566 811 630 eommodins
831 584 921 649 quarn
941 573 983 640 tu,
1007 563 1167 646 praeclare
1186 570 1341 638 mooun,

456 677 579 741 lllilibus
600 683 692 759 etque
713 675 783 739 aliis
806 675 886 755 vivo.
930 679 1115 754 Quamoque
1136 671 1231 734 libido
1249 668 1309 745 est,

460 785 571 848 incedo
590 785 697 862 solus,
717 791 882 867 percontor
903 781 1007 865 quenti
1029 781 1106 843 olus.
1118 799 1157 842 ue
1178 780 1243 855 ior3
1329 800 1334 809 ·

457 894 612 956 Fallaoenr
633 892 753 957 cirron
776 891 1040 973 vespertinumque
1060 904 1188 970 pererro

456 1002 557 1084 Saepe
577 1003 696 1079 lorum,
716 1001 835 1064 adsisto
854 999 985 1075 divinis,
1004 998 1076 1061 inde
1096 997 1217 1060 donnum
1239 1013 1286 1058 nne

396 1129 440 1173 ms
462 1109 507 1172 Ad
530 1111 615 1191 porri
637 1116 668 1171 et
688 1108 797 1171 oieeris
817 1109 919 1171 reiero
940 1107 1107 1188 laganique
1126 1106 1278 1180 catinum

463 1218 569 1282 Coena
589 1217 779 1280 minbtretur
800 1217 905 1298 pueris
926 1215 1042 1293 tribus,
1067 1222 1099 1277 et
1119 1214 1199 1296 lupis
1220 1211 1307 1277 albas

458 1327 572 1389 Pocula
593 1344 659 1388 cunr
681 1325 794 1403 cyatho
816 1324 877 1387 duo
899 1320 1045 1399 sustinet,
1067 1322 1173 1386 ndstat
1191 1320 1313 1384 eebioae

460 1434 555 1511 Vilis,
576 1452 643 1497 oum
661 1438 770 1516 patera
790 1430 916 1516 ςίιιιιιε,
936 1431 1095 1513 Campano
1114 1431 1284 1512 suppellex

457 1541 574 1605 Deinde
588 1560 628 1603 eo
649 1541 810 1604 dormitum
833 1559 894 1603 non
913 1539 1083 1615 sollicitus,
1103 1538 1177 1602 nribi
1197 1538 1276 1620 quod
1296 1554 1361 1600 eras

396 1667 441 1712 rau
460 1649 654 1731 Surgenduru
677 1649 731 1712 sit·
742 1666 848 1731 mnne,
867 1647 1028 1712 obeundus<
1044 1647 1187 1724 Mursya,
1202 1646 1262 1729 ,qui
1281 1664 1315 1708 se

455 1759 578 1822 Vultum
599 1759 682 1819 ferre
704 1764 799 1839 negat
819 1756 987 1819 Noviorum
1009 1773 1102 1837 posse
1121 1740 1260 1818 minoris.

456 1865 507 1947 Ad,
525 1873 665 1948 quartana
685 1865 792 1942 ieeeo3
814 1871 885 1947 post
906 1863 987 1928 bane
1007 1881 1126 1946 vagor,
1146 1870 1201 1926 eut
1221 1881 1281 1945 ego
1301 1863 1373 1924 leole

454 1974 517 2036 Aut
535 1974 650 2056 scripto
675 1973 755 2055 qood
775 1992 826 2036 me
846 1972 970 2035 taciturn
993 1972 1089 2049 iuvet,
1112 1989 1214 2052 ungor
1234 1970 1333 2047 olivo,

455 2082 523 2147 Non
545 2101 604 2164 quo
626 2080 779 2144 fraudatis
799 2079 969 2143 immundus
990 2080 1084 2143 Natta
1104 2079 1252 2142 lneernio.⁴
1406 2070 1411 2075 ’

395 2207 438 2252 aas
460 2189 518 2251 Ast
536 2189 588 2253 nbi
607 2207 656 2252 rae
677 2191 792 2253 fessum
812 2189 860 2253 sol
881 2187 987 2251 aerior
1006 2187 1055 2253 ire
1073 2188 1211 2251 laentum

446 2297 641 2377 eunomio,
663 2296 751 2378 fugio
772 2296 886 2360 rabiosi
910 2302 1050 2378 temporo
1070 2295 1161 2377 sigui.

376 390 440 451 ees
497 458 504 473 ,
759 376 1064 445 ,sannionum

373 2468 433 2519 loco
453 2477 527 2520 uatus
543 2468 653 2537 'magnos
676 2468 810 2534 hospites,
838 2468 864 2518 in
884 2484 992 2536 quorum
1010 2466 1082 2519 villis
1099 2477 1253 2535 pernoctare
1270 2479 1372 2537 posset,
1401 2484 1442 2520 noa

374 2539 482 2602 babuit3
506 2541 556 2592 iam
584 2556 641 2591 cum
661 2548 768 2606 proptor
787 2547 963 2605 paupertatem
984 2538 1128 2591 diversoria
1154 2556 1229 2607 quam
1248 2543 1359 2593 maxime
1375 2542 1443 2591 vilere

376 2610 497 2672 deberet,
516 2626 583 2679 quae
599 2613 746 2663 necessaria
756 2610 914 2673 viderentur,
935 2610 1103 2663 domesticum
1120 2612 1218 2676 vinum,
1235 2629 1348 2681 panem,
1366 2613 1442 2673 salem,
1510 2668 1511 2673 ,

374 2681 461 2732 oleum
483 2698 540 2733 curn
559 2684 628 2733 vasis
649 2682 808 2749 coquinariis
824 2683 907 2732 servis
931 2683 1060 2747 imposuit
1102 2681 1230 2734 Lusenum
1248 2686 1317 2736 euim
1337 2683 1387 2735 olla
1404 2698 1441 2732 rn-

373 2751 465 2805 liuaria
482 2760 530 2815 est,
548 2768 601 2804 uon
619 2767 665 2803 vos
683 2752 727 2803 vel
746 2750 812 2803 sella
831 2751 1010 2803 exonerandae
1028 2752 1097 2804 advo.
1117 2766 1150 2796 -’-
1168 2753 1270 2821 ordiens
1288 2764 1364 2823 ntpne
1384 2753 1442 2822 olda]

372 2823 489 2876 dotanda
513 2823 608 2891 duplex
634 2824 800 2890 comparativi
829 2824 995 2875 construetio.
1041 2822 1101 2874 Alia
1130 2825 1202 2876 milia
1228 2835 1289 2877 sunt
1312 2825 1382 2878 multi
1399 2824 1443 2885 alii,

374 2896 418 2962 qui
438 2895 529 2947 eodem
546 2894 671 2973 bonorum
687 2893 771 2946 studio
790 2895 917 2945 ducuntur
938 2894 1108 2963 quodibiua.
1195 2926 1200 2933 »
1223 2912 1226 2923 ·

381 3026 387 3060 ῃ
443 3001 473 3051 V.
495 3001 553 3052 113.
574 3000 687 3074 Circam]
706 2999 750 3052 ubi
768 3012 873 3065 semper
890 3008 964 3051 erant
981 2999 1055 3051 multi
1073 2998 1258 3065 circulatores,
1276 2998 1444 3059 mathematici,
1510 3026 1511 3029 =

372 3070 501 3136 sortilegi,
519 3070 563 3121 ulii
583 3072 607 3121 iu
626 3087 708 3138 genus
737 3104 768 3113 -
791 3071 897 3141 divinis}
914 3070 974 3122 vido
992 3071 1024 3122 ad
1042 3070 1128 3122 Germ.
1147 3071 1193 3134 111,
1205 3071 1249 3133 27,
1267 3070 1308 3123 10.
1330 3104 1364 3114 -
1380 3071 1444 3138 lope-

372 3140 460 3211 eique}
483 3141 600 3209 ,laguna
628 3150 687 3192 sunt
707 3141 871 3209 placentulae
887 3142 1014 3210 quaedem
1033 3140 1155 3210 vulgares
1177 3144 1251 3209 quari
1268 3139 1446 3194 membranulae

376 3214 553 3277 compositus,
579 3228 645 3279 quae
673 3227 731 3264 oum
747 3213 839 3280 pipere
860 3219 886 3263 et
906 3212 1047 3281 liquamine
1064 3213 1184 3267 oouditae
1208 3213 1326 3281 depromi
1344 3211 1447 3266 solebant

373 3280 407 3331 ad
427 3296 532 3333 coenam
550 3282 705 3333 moderatam
726 3292 753 3333 et
770 3282 936 3349 parabilem!
954 3284 1062 3336 *comm
1085 3284 1162 3351 ceap.
1193 3316 1226 3328 -
1258 3287 1350 3353 poesie
1368 3284 1445 3349 min]

373 3350 454 3403 Nobis
478 3353 540 3405 sutis
573 3368 680 3420 maguus
710 3353 812 3405 videtur
841 3370 977 3417 numerus,
1009 3355 1130 3407 Romanis
1149 3370 1254 3421 parvus.
1290 3355 1357 3407 Plin.
1379 3355 1406 3407 ll.
1421 3352 1445 3405 ll.

327 3416 334 3427 ’
372 3422 455 3487 xxn,
477 3424 521 3476 10:
539 3422 584 3489 ,C.
603 3423 732 3476 Caecilius
751 3424 873 3476 Claudius
891 3424 1004 3477 Isidorus
1024 3435 1178 3478 testamento
1196 3441 1244 3477 ouo
1258 3426 1350 3491 edixit,
1369 3441 1445 3495 quu-

372 3495 413 3545 vis
431 3496 510 3546 multa
527 3496 598 3546 oirili
620 3495 690 3547 bello
710 3495 882 3563 perdidisset,
907 3505 993 3548 tamen
1012 3496 1159 3565 relinquere
1179 3512 1314 3549 servorum
1341 3494 1446 3566 quatiunt

373 3564 445 3617 milia
464 3575 566 3617 centum
586 3567 701 3619 decem!
728 3598 759 3610 -
798 3566 865 3636 lapis
886 3567 969 3638 older]
989 3583 1023 3619 ex
1040 3568 1146 3636 vulgari·
1158 3584 1285 3620 marmore
1304 3569 1404 3631 iactum
1425 3568 1445 3616 ia

374 3636 422 3688 liae
441 3653 544 3705 quoque
563 3640 704 3706 reingens
724 3632 772 3689 ituit
789 3638 891 3690 luxuria
907 3638 1087 3707 Romanorum.
1107 3670 1141 3681 -
1157 3639 1254 3708 poeula
1272 3640 1333 3707 dau}
1351 3641 1444 3691 aloem

373 3708 404 3759 ad
423 3711 520 3771 vinum,
538 3709 646 3760 altorum
663 3710 694 3761 ad
711 3725 812 3776 aquam.
846 3740 875 3752 -
917 3710 1031 3780 actions]
1058 3726 1103 3765 vas
1122 3711 1205 3761 luisse
1223 3710 1341 3771 videtur,
1363 3715 1388 3763 in
1404 3722 1445 3777 qut

327 3846 329 3850 Ι
371 3778 467 3830 ealices
485 3781 610 3837 lavantur,
630 3811 664 3823 -
692 3798 749 3831 eum
765 3789 859 3848 potero
879 3781 973 3855 pultare}
993 3790 1128 3851 utrumque
1148 3780 1179 3832 ad
1198 3781 1338 3835 libationes
1355 3783 1445 3835 faun-

371 3849 426 3901 daa.
448 3881 477 3892 -
501 3851 645 3924 Campano}
666 3852 718 3904 Sat.
739 3850 772 3915 ll,
788 3852 815 3915 3,
834 3851 892 3902 144
928 3851 1028 3903 Fictilis
1047 3868 1078 3903 ao
1098 3853 1158 3903 vilis
1177 3852 1308 3920 supellex.
1328 3888 1364 3899 -
1382 3852 1445 3905 ln·

371 3922 987 4060 :lllrlzllltl‘l'„tll‘lltlll‘l
1005 3922 1446 4062 llitlllllllltlzltt*

456 4020 464 4055 ⁵
709 4050 720 4060 „
1198 4038 1202 4043 ·
1357 4036 1362 4045 ·
1440 4032 1444 4041 ·

370 4061 486 4127 Marsyas
504 4073 590 4115 erecta
609 4080 683 4116 mauu
702 4067 863 4132 stansquasi
884 4064 1011 4132 quoddam
1030 4064 1156 4118 libertatis
1177 4065 1301 4118 indicium
1315 4076 1378 4121 erut
1402 4066 1445 4118 cu·

371 4134 412 4184 ius
430 4133 533 4200 quidem
555 4143 666 4187 erectam
681 4150 786 4186 menum
805 4138 839 4186 ita
856 4137 1133 4204 interpretaturpoeta,
1151 4146 1272 4203 tauquam
1283 4139 1444 4204 uirorum·

371 4206 454 4270 possit
475 4204 586 4257 tolerare
603 4207 678 4258 liovii
696 4206 850 4258 feneratoris
869 4209 1041 4274 turpissimam
1059 4208 1161 4259 laniem.
1193 4239 1227 4251 -
1255 4210 1347 4279 Natta}
1372 4205 1444 4264 Sordi-

372 4273 491 4326 diesimus
507 4276 583 4327 bomo
602 4278 661 4329 oleo
680 4276 798 4328 utebatur
815 4293 848 4329 ex
866 4276 979 4330 lucernis
998 4278 1120 4331 detracto.
1150 4281 1202 4331 Sat.
1223 4279 1256 4343 li,
1274 4283 1301 4343 2,
1319 4281 1363 4334 59.
1381 4279 1409 4341 ll,
1423 4274 1444 4331 3.

374 4346 432 4398 125.
451 4379 484 4391 -
512 4347 610 4398 rudiori
631 4357 745 4417 temporo
762 4351 840 4418 siper]
861 4349 918 4400 Non
936 4350 1115 4417 signifioautur
1138 4350 1193 4401 dies
1213 4351 1391 4415 caniculares,
1408 4345 1444 4398 sed

372 4422 472 4482 ternpus
493 4417 678 4477 meridianum,
698 4434 749 4485 quo
766 4420 830 4469 solis
848 4429 934 4471 nesius
953 4430 993 4471 est
1011 4424 1151 4472 acerrimus
1169 4431 1195 4472 et
1216 4423 1291 4491 quusi
1314 4425 1340 4473 in
1360 4421 1442 4474 nebien

371 4486 433 4550 ugit.
475 4488 544 4537 llaec
562 4490 638 4539 unire
660 4489 818 4541 vora-loutio
847 4494 909 4543 uriro
934 4492 1010 4543 ruodo
1036 4494 1065 4543 iu*
1090 4495 1279 4545 recentioribus
1302 4491 1444 4545 editionibus
