3117 5042
344 381 409 445 uu
432 381 568 446 Auru
591 380 828 448 pourton.
1074 387 1137 449 ets

35 557 37 566 ’
130 563 205 625 ltcuu
226 564 341 645 puteris
362 583 491 629 seruere
511 571 604 628 tunm.
648 565 741 628 llcdit
760 565 866 642 uncis,
887 564 958 648 quid
981 566 1038 630 tltl

68 687 114 731 suc
135 671 245 735 Sentis
288 672 331 734 At
350 673 427 736 hacc
446 672 565 736 suiuus
585 691 702 755 ucrugc
724 680 756 736 et
775 692 852 737 curu
872 675 974 756 peculi
1021 685 1023 688 ’

135 779 211 844 Curu
236 781 330 844 scrucl
350 781 512 858 imbuerit,
533 799 691 862 speremus
713 783 851 846 carmine
871 784 947 867 uugi

134 888 229 951 Posse
247 889 373 952 linenda
392 889 487 952 cedro
507 895 538 950 et
559 889 620 951 leri
642 890 797 953 servande
818 893 989 972 cupresscl

133 987 195 1053 sut
214 989 361 1072 prodesse
382 990 490 1052 volunt
513 996 568 1053 unt
587 990 742 1054 delectare
761 999 881 1072 puttue,

136 1096 199 1160 Aut
221 1098 311 1162 sintnl
333 1104 365 1161 ct
384 1097 514 1162 iucunda
534 1103 565 1160 ct
586 1098 698 1162 idnncu
717 1098 820 1162 dicere
836 1100 930 1164 vitae.
981 1160 984 1168 .

72 1223 117 1267 uss
138 1205 290 1288 Quidquid
311 1205 500 1288 praecipies,
523 1213 591 1269 estc
614 1207 733 1286 brevis,
755 1214 789 1270 ut
808 1209 869 1270 citu
890 1209 971 1272 dictu
1009 1229 1013 1238 ‘
1111 1266 1114 1272 Α

137 1313 312 1396 Percipient
332 1314 433 1377 enimi*
446 1314 562 1377 duelles
582 1321 766 1398 teneantque
789 1316 914 1380 fideles:

134 1423 470 1504 0mucsupcrvscuurn
493 1424 585 1504 plenu
604 1423 643 1484 dc
663 1429 788 1504 pectore
809 1430 924 1488 manat.

132 1531 222 1594 Ficta
241 1529 413 1616 voluptatis
432 1549 527 1594 cause
547 1532 610 1595 sint
629 1532 771 1613 proximu
793 1533 886 1610 veris,

133 1640 198 1700 Nec
217 1638 423 1721 quodcunque
437 1639 536 1719 velet,
558 1645 667 1720 puscet
686 1639 747 1702 sihi
766 1640 874 1703 fulsulu
897 1639 990 1715 credi,

70 1765 115 1810 teas
135 1748 202 1809 Neu
224 1763 357 1828 pruusne
379 1747 504 1811 Luruiuc
525 1748 628 1809 uuum
652 1764 779 1829 puerum
801 1748 948 1812 extrudet
968 1751 1052 1813 ulcu.

134 1853 300 1930 Centuriac
321 1853 473 1918 seniorum
494 1854 618 1937 agitent
632 1837 780 1936 'expertia
800 1857 913 1939 frugis,

132 1962 216 2026 Celsi
240 1943 436 2043 praetercunt
457 1955 584 2025 austera
606 1969 750 2043 potuita
772 1964 926 2027 ltaruues:

35 2077 37 2084 ‘
133 2072 229 2134 (lutus
247 2070 320 2136 tulit
338 2076 498 2152 punctum,
520 2071 571 2152 qui
593 2071 714 2135 miscuit
735 2072 810 2134 utile
831 2071 913 2134 dulci

134 2179 292 2242 hectorem
311 2177 493 2240 delectando
513 2180 690 2262 pariterque
712 2178 872 2242 monendo.

70 2306 113 2352 sus
134 2286 191 2349 ldie
210 2292 308 2349 rueret
327 2304 403 2349 uere
425 2285 505 2348 liber
525 2283 643 2361 Sosiis,
664 2285 715 2349 lric
736 2293 767 2348 et
788 2304 874 2350 snam
897 2287 1018 2355 transit.

133 2395 175 2458 ut
196 2396 323 2476 longum
341 2400 415 2456 nutu
437 2393 580 2473 scriptori
600 2401 752 2476 prnrugat
771 2409 891 2457 nevum.

109 2566 111 2570 ,
133 2501 214 2568 Sunt
235 2500 351 2566 delictu
369 2512 488 2579 tumen,
511 2502 620 2584 quibus
642 2501 799 2584 ignum
820 2502 971 2565 velimus:

131 2613 209 2677 Nem
219 2629 316 2694 neque
325 2608 441 2674 clrurdu
454 2627 562 2674 sunum
576 2610 678 2673 reddit
692 2628 782 2693 quern
800 2611 868 2672 vult
877 2613 985 2673 nunnus
1000 2616 1032 2671 et
1043 2628 1137 2687 mens,

49 2808 156 2861 puerum
176 2806 228 2842 non
251 2789 464 2856 reprehendentis
485 2789 531 2840 sed
549 2788 643 2841 leniter
664 2789 800 2841 excitantis
827 2797 854 2839 et
869 2790 926 2856 ipsu
944 2788 1020 2840 lnude
1039 2789 1071 2842 nd
1089 2804 1138 2841 cu-

51 2864 182 2932 gitnudum
201 2861 363 2913 stimulantis.
401 2862 445 2912 Sic
463 2860 555 2911 melius
574 2875 651 2928 quum
668 2859 736 2929 quod
758 2860 816 2911 eliis
832 2859 929 2927 placuit
949 2877 980 2910 cr
999 2861 1068 2912 MSS.
1084 2877 1135 2929 pc·

49 2944 123 2988 terat.
159 2964 194 2976 -
227 2933 323 3003 penult]
343 2931 377 2983 de
393 2934 522 2998 pecunia,
548 2947 623 2999 quatu
649 2947 695 2983 suu
715 2931 763 2983 sibi
783 2933 840 2999 quis
859 2947 921 2983 cure
938 2940 964 2981 et
982 2934 1138 2998 pst-simonia

49 3005 157 3074 punivit.
187 3004 221 3054 cl.
241 3003 381 3069 Virg.Buc.
407 3004 430 3065 1,
440 3003 526 3055 32.-
545 3003 632 3072 cedro]
655 3003 714 3053 oleo
733 3002 848 3066 cedrino,
868 3002 901 3053 de
914 3018 965 3072 quo
977 3003 1135 3072 Porphyrius

49 3078 122 3142 „libri
141 3076 185 3144 qui
209 3082 254 3125 sut
272 3067 350 3126 cedro
369 3072 505 3125 illinuntur
521 3081 565 3124 nut
582 3088 642 3124 uren
660 3073 778 3140 cupressi
806 3072 899 3124 inclusi
920 3082 997 3139 suut,
1023 3089 1040 3125 u
1057 3075 1134 3126 tineis

48 3165 97 3201 nnn
117 3152 270 3199 vexantur!

116 3254 147 3305 V.
170 3248 321 3304 333-346.
340 3248 457 3301 Alterum
473 3264 505 3299 ee
521 3249 554 3300 iis
570 3250 716 3316 praeceptis
733 3265 799 3316 quae
814 3250 1004 3318 propositurum
1021 3264 1048 3298 re
1059 3265 1135 3300 uersu

47 3327 98 3379 307
111 3341 146 3393 sq.
164 3323 305 3384 indicauit,
329 3321 378 3371 lunc
397 3328 452 3370 est:
470 3328 574 3390 peccatu
593 3322 636 3385 qui
653 3321 767 3372 omuibus
784 3319 846 3371 cedit
860 3320 969 3389 probari
987 3320 1079 3371 ducere
1095 3321 1134 3370 ei·

48 3397 98 3448 mul
119 3395 209 3448 dedere
230 3402 254 3444 et
270 3391 399 3443 delectare
419 3390 547 3457 tepentes,
568 3391 728 3440 ‘miscendum
753 3408 807 3441 esse
833 3392 970 3442 utilitatem
990 3392 1134 3441 carminum

46 3485 101 3519 urm
120 3464 262 3519 dsdcediue.
283 3494 332 3514 ζ--
371 3472 423 3513 estc
442 3461 535 3529 brein]
566 3461 669 3511 Sunuuu
687 3460 751 3510 hacc
770 3463 850 3512 virtus
875 3477 963 3512 norunt
984 3463 1133 3522 curminuuu,

46 3539 139 3606 quibus
158 3534 283 3603 prodesse
300 3532 390 3584 volunt
407 3538 508 3598 poene.
542 3561 577 3572 -
615 3532 674 3600 dtu]
697 3532 827 3597 coniunge
849 3547 906 3582 cum
922 3532 1134 3598 percipiant·-

45 3609 118 3683 βείω]
149 3607 219 3658 llaec
237 3604 310 3656 nltcri
339 3611 473 3670 puetarum
491 3601 556 3669 parti
581 3599 715 3665 dicuntur,
747 3601 790 3667 qui
810 3599 941 3651 delectare
969 3600 1068 3650 volunt.
1098 3632 1131 3643 -

42 3695 157 3749 premas
178 3678 294 3745 Lumine]
315 3674 417 3740 „Lamia
436 3681 477 3724 est
494 3679 633 3722 monstrum
657 3687 769 3737 superne
789 3670 886 3723 habens
904 3672 1018 3738 speciem
1038 3670 1133 3722 mulie-

44 3753 92 3816 ris,
112 3749 214 3808 inlerne
231 3763 294 3799 vero
314 3745 451 3796 desinitis
471 3744 551 3810 pedes
570 3744 710 3794 asininus·“
741 3741 828 3794 Ccmm
855 3742 933 3808 Cruq.
975 3741 1132 3793 Dicebuntur

42 3821 91 3874 hue
112 3836 206 3889 pueros
226 3819 352 3870 devorare
364 3815 412 3866 'vel
431 3830 519 3865 eurum
540 3815 691 3880 sauguinem
711 3827 848 3880 exsugere.
860 3815 1025 3882 -liamuesl
1047 3814 1130 3880 „Sen-

43 3910 87 3945 sus
109 3900 166 3943 est:
186 3905 264 3942 senes
285 3891 411 3957 gravitate
431 3886 549 3936 currnluis
568 3894 595 3936 ct
612 3884 732 3937 dictionis
748 3883 870 4006 gnudere
888 3884 1049 3936 delectantur
1060 3924 1069 3949 ,
1087 3885 1131 3935 iu-

43 3979 124 4016 venes
146 3970 249 4014 austere
276 3961 407 4027 etgravin
426 3973 477 4009 uon
495 3963 605 4009 emaut.“
634 3956 713 4008 Acro.
770 3954 1058 4022 umpsruLiv.l,13.
1097 3986 1131 3996 -

41 4038 173 4105 punctum]
191 4031 251 4082 vide
269 4031 301 4082 ud
318 4030 400 4097 Epist.
420 4028 454 4093 ll,
472 4031 498 4092 2,
517 4027 560 4080 99.

113 4138 144 4189 V.
163 4135 226 4188 347.
243 4134 277 4187 lu
294 4132 343 4188 tuli
359 4134 439 4201 ipitm
458 4132 574 4182 carim
589 4131 678 4198 putuit
696 4130 765 4180 uitiis
784 4129 862 4179 neuin
880 4127 967 4178 danda
987 4137 1036 4192 ert,
1055 4130 1129 4180 durc-

42 4208 116 4260 ctudc
132 4214 211 4276 poeta
227 4213 319 4257 curent
335 4219 354 4255 u
370 4203 454 4253 nimiu
470 4219 558 4255 eurum
575 4201 727 4268 frequentia·
758 4200 905 4251 Mediocris
924 4201 992 4250 enies
1011 4203 1130 4251 curtsim

40 4297 94 4330 neu
113 4282 240 4345 feriuntur,
260 4277 321 4343 puin
338 4274 487 4325 necessaria
504 4290 557 4324 uun
575 4281 634 4324 rust
651 4272 814 4338 hominesque
832 4286 877 4321 ecs
894 4287 950 4330 res,
968 4271 1056 4336 quidus
1072 4274 1128 4323 siue

42 4352 192 4402 detrimento
211 4364 303 4401 curere
318 4352 433 4415 possunt,
450 4360 504 4394 uus
523 4352 612 4395 amant
627 4344 680 4394 uisi
698 4359 775 4409 quum
793 4342 992 4409 perfectissimus
1017 4358 1058 4393 vv.
1074 4343 1126 4394 347

41 4421 137 4474 -384,
156 4454 191 4464 -
211 4418 302 4492 Sosiis}
323 4418 355 4468 cl.
375 4415 456 4482 Epist
474 4415 495 4476 1,
512 4416 557 4478 20,
575 4416 599 4465 2.
630 4445 663 4454 -
699 4430 771 4464 mure
790 4411 893 4485 transit}
915 4412 1024 4462 vidend
1045 4413 1124 4480 Epist.

42 4492 63 4558 1,
84 4493 129 4556 20,
147 4491 188 4542 13,
209 4521 243 4533 -
273 4505 334 4541 sum
351 4491 444 4556 seque]
465 4485 522 4537 llun
540 4485 667 4537 adduntur
688 4483 808 4551 exemplu
825 4485 965 4547 uitiorum,
983 4500 1124 4552 quaecum

90 4569 243 4633 llcrstlus'cd.
259 4587 417 4638 Dlllenburrer.
880 4588 927 4655 35
