3117 5042
759 367 1031 433 conminuta

564 551 684 629 byncas
706 557 738 612 et
758 569 868 615 cervos
890 548 1060 613 cohibeatis
1078 568 1174 629 meu,

514 674 545 720 ss
563 658 706 724 Lesbium
726 664 852 725 servate
873 655 982 740 pensu
1002 658 1122 742 meique

643 774 770 839 Pollicis
790 775 902 853 ictum

563 967 635 1031 Rite
656 967 796 1029 Latonae
817 981 944 1046 puerunt
966 969 1130 1043 canentes,

562 1075 633 1139 itite
656 1072 843 1137 crescentem
866 1075 935 1136 lace
957 1068 1164 1147 Noctilucam,

562 1183 746 1265 Prosperam
766 1182 891 1263 frugum
914 1180 1239 1263 celeremquepronos

514 1308 545 1352 so
647 1290 783 1354 Vulnere
803 1306 931 1353 menses

563 1475 667 1555 Nupta
687 1473 748 1537 mm
768 1471 871 1536 elices:
891 1470 959 1553 ligo
981 1470 1029 1533 elis
1049 1466 1178 1535 amicum

565 1581 698 1644 Saeculo
721 1582 818 1643 testas
839 1580 996 1643 referente
1016 1579 1101 1642 luces

563 1686 694 1751 Reddidi
714 1706 837 1750 carmen
860 1686 970 1751 docilis
995 1686 1154 1750 modorum

647 1795 735 1859 Vatis
756 1794 875 1885 Horati.

795 1998 1027 2011 m

767 2212 969 2289 Carmen·
985 2216 1054 2288 Vll.

566 2378 723 2460 Diffugere
744 2379 851 2456 nives,
874 2348 1003 2440 redeunt
1025 2378 1086 2441 iam
1101 2364 1252 2459 'gramina
1273 2378 1383 2460 campis

653 2484 884 2567 arboribusque
907 2503 1028 2561 comae;

372 2666 519 2734 eligebatur
535 2682 567 2717 ex
587 2665 717 2718 nobilibus
735 2667 823 2733 pueris
843 2674 871 2717 et
887 2664 992 2733 puellis,
1008 2666 1123 2734 patrimis
1142 2674 1169 2717 ct
1184 2666 1317 2718 matrimis.
1329 2660 1441 2727 -utsq

370 2740 432 2807 quia
444 2738 540 2788 chorus
560 2737 792 2789 intuteladeornm
811 2745 859 2800 eat,
877 2753 985 2805 quorum
1005 2735 1094 2788 laudes
1114 2737 1191 2787 cauit.
1203 2767 1233 2781 -
1256 2737 1382 2817 Lesbiaci
1399 2748 1442 2782 nc·

369 2816 435 2860 trum
446 2808 611 2875 Sapphieum,
630 2822 682 2876 quo
692 2808 802 2858 Carmen
817 2807 957 2860 saeculare
971 2810 1141 2875 compositum
1160 2816 1207 2859 est.
1219 2840 1250 2850 -
1262 2807 1363 2876 potitus
1372 2806 1444 2866 wlco]
1510 2822 1511 2863 l

370 2879 495 2946 Loquitur
514 2879 546 2930 de
564 2879 651 2930 fidium
672 2877 828 2946 pulsatione,
848 2892 897 2945 qua
914 2886 1000 2944 poeta,
1014 2876 1093 2946 'quasi
1115 2890 1177 2930 vere
1195 2887 1370 2939 essetmntor,
1388 2871 1443 2923 uiuri
1510 2872 1511 2941 ξ

371 2959 475 3001 cantum
496 2958 641 3017 temperare
662 2965 692 3001 se
710 2947 822 3001 simulat.
858 2950 936 3015 Apud
954 2948 1019 2999 alios
1043 2959 1133 3017 poetas
1151 2949 1242 3001 eadem
1259 2950 1358 3000 ratione
1367 2946 1443 2995 dicitnr
1510 2992 1511 2997 ,

371 3020 431 3084 fila,
457 3020 567 3072 chordas
584 3020 657 3086 lyrae
676 3019 774 3087 pollice
792 3017 905 3087 pulsare,
923 3034 1038 3071 mouera.
1071 3050 1106 3064 -
1141 3022 1203 3090 rite]
1230 3018 1269 3071 bis
1287 3022 1392 3087 positum
1410 3028 1445 3080 per

372 3089 529 3156 anaphoram
553 3100 660 3158 propter
683 3106 802 3156 magnam
826 3104 958 3141 sacrorum
981 3090 1153 3157 religionem,
1176 3100 1235 3159 *qua
1253 3106 1287 3141 ne
1306 3089 1365 3157 quid
1381 3096 1445 3154 prato

369 3160 447 3211 fleret
470 3160 610 3226 diligenter
630 3158 774 3212 cavendum
796 3168 858 3212 erat.
878 3161 911 3211 ei.
932 3159 1015 3216 Carm.
1035 3162 1081 3224 lt',
1097 3162 1138 3222 15,
1149 3161 1192 3214 28.
1215 3191 1248 3204 -
1268 3161 1338 3232 face}
1358 3158 1446 3209 iumine

368 3229 416 3280 Est
433 3232 501 3280 enim
519 3229 602 3282 Diana
625 3234 801 3300 νυκτιφαής,
824 3232 1031 3301 renelmus,
1049 3231 1193 3283 Noctiluca.
1225 3261 1260 3273 -
1293 3225 1446 3300 srupmlllt

369 3300 488 3366 genitivo
506 3299 566 3350 vide
587 3300 686 3366 Zumpt.
708 3300 725 3352 Ι,
741 3300 758 3352 Ι.
769 3303 795 3365 §-
810 3300 871 3353 nst.
891 3302 1020 3369 Prospero
1040 3311 1081 3352 est
1096 3307 1208 3369 fraqam,
1225 3302 1285 3369 qnia
1305 3302 1390 3366 trugas
1406 3311 1446 3346 nu·

369 3371 414 3421 trit
442 3377 569 3421 nocturno
598 3386 657 3423 rore
675 3378 703 3421 et
719 3380 792 3422 recto
818 3373 878 3422 anni
910 3375 1124 3439 tempestatisque
1145 3373 1266 3423 decursu.
1294 3402 1324 3413 -
1364 3369 1445 3436 liqut

370 3441 446 3492 Grata
467 3440 529 3492 olim
547 3442 597 3492 erit
614 3441 737 3493 festorum
758 3450 785 3492 et
800 3441 906 3493 honoris
928 3442 1088 3503 reeordati03
1110 3457 1177 3509 quae
1198 3451 1225 3493 et
1241 3444 1299 3509 ipsa
1316 3450 1377 3492 tunc
1392 3451 1446 3505 qno-

369 3527 421 3579 que
439 3511 579 3563 incendere
596 3512 685 3564 debuit
702 3512 814 3563 studium
833 3521 859 3563 et
876 3511 1046 3578 diligentiam.
1070 3513 1161 3580 licque
1173 3512 1315 3564 mirensium
1339 3503 1446 3576 estquod

369 3581 471 3649 puellus
495 3582 566 3635 solas
591 3582 660 3634 dulei
686 3583 868 3634 recordatione
898 3583 976 3635 loturi
1002 3585 1126 3650 temporis
1151 3585 1264 3634 excitare
1286 3584 1349 3633 satis
1378 3578 1449 3631 istut

369 3661 462 3720 pocta3
481 3662 575 3720 sponte
593 3656 660 3705 cuim
681 3653 714 3704 ad
733 3668 827 3720 pueros
846 3668 951 3721 quoque
969 3667 1000 3703 ea
1018 3656 1136 3705 recurrit.
1162 3683 1195 3696 -
1223 3652 1303 3723 tuosq
1326 3652 1397 3712 dies;
1413 3661 1448 3714 pu

370 3724 482 3775 triduum
501 3727 569 3776 euim
588 3731 615 3776 et
634 3725 780 3775 trinoctium
802 3723 929 3775 celebrari
947 3723 1067 3774 solebant
1085 3723 1138 3775 ludi
1157 3722 1308 3776 saeculares
1342 3724 1375 3774 et
1391 3716 1448 3771 (28

370 3795 453 3862 23sq.
482 3825 518 3835 -
552 3798 620 3847 uotis
638 3796 743 3863 Horon]
767 3793 843 3846 Gravi
864 3810 922 3844 cum
944 3796 969 3845 ui
989 3796 1015 3844 in
1038 3795 1090 3845 ine
1110 3810 1203 3845 nemea
1221 3795 1332 3862 positum
1350 3799 1396 3847 ost.
1427 3786 1449 3837 lt

369 3866 428 3931 ipso
446 3874 532 3917 autem
550 3867 655 3916 nomine
678 3866 783 3916 Horatii
810 3860 944 3931 dignitatis
969 3864 1067 3933 aliquid
1092 3867 1225 3917 invenisse
1250 3865 1352 3917 videtur
1376 3865 1448 3928 pocus

370 3939 491 4003 quoniam
510 3935 554 3986 ubi
583 3937 640 3986 sino
659 3933 809 3986 lucidatione
829 3950 923 3986 nortten
951 3952 1003 4003 qno
1025 3944 1111 3987 utatur
1130 3935 1283 4003 simpliciter
1300 3936 1394 3986 inierre
1408 3943 1448 3980 ro-

371 4003 428 4067 luit,
447 4007 570 4057 Flaccum
589 4021 618 4056 se
633 4005 777 4072 appellavit
796 4005 892 4075 (Epod.
914 4008 954 4070 15,
975 4009 1017 4059 12.
1037 4008 1090 4059 Sat
1104 4006 1138 4071 ll,
1159 4010 1184 4069 i,
1208 4007 1273 4075 18);
1303 4004 1344 4056 ubi
1363 3998 1449 4055 blandi·

371 4083 444 4127 eutes
463 4076 561 4129 scribas
580 4076 708 4143 designat,
729 4074 824 4127 blando
844 4079 921 4128 etiam
943 4079 1111 4143 praenomine
1132 4080 1226 4141 Quinte
1247 4080 1314 4147 (Sat.
1334 4075 1366 4140 ll,
1380 4067 1448 4137 (237)

370 4145 504 4198 salutatum.
541 4146 668 4215 Compara
685 4147 768 4215 Epist.
788 4146 809 4212 l,
831 4148 872 4211 14,
895 4148 922 4198 5.

807 4274 956 4327 Carmen
982 4275 1036 4328 llll.

441 4377 564 4429 Videmus
583 4392 616 4429 ex
632 4393 657 4429 r.
675 4378 729 4442 23,
757 4378 790 4430 ad
809 4378 964 4446 Torquatum
983 4378 1097 4446 aliquem
1116 4381 1240 4447 scriptum
1259 4396 1319 4432 esse
1337 4377 1385 4427 hoe
1400 4383 1451 4420 car-

373 4459 446 4508 mem
471 4448 516 4513 qui
535 4462 593 4499 cunr
614 4447 681 4500 idem
697 4464 756 4501 esse
775 4465 827 4501 non
853 4452 955 4516 possit,
980 4466 1032 4517 quo
1052 4450 1163 4503 consule
1180 4451 1302 4504 Horatius
1322 4455 1393 4500 uatus
1411 4446 1451 4500 0⁵¹2
