3117 5042
447 1584 952 1672 Praefatio

269 2284 359 2359 Cum
394 2297 478 2382 post
510 2287 738 2383 gravisdmos
763 2288 991 2386 Peerlkampi
1024 2290 1064 2360 in
1099 2288 1238 2360 Horatii

146 2436 311 2509 carmina
336 2437 495 2533 impetus
518 2436 623 2508 multi
654 2438 851 2534 praecipue
885 2438 922 2509 in
955 2437 1149 2511 Germania
1172 2437 1240 2508 riri

147 2583 253 2659 docti
290 2586 330 2657 iu
350 2585 513 2658 ¹Horatio
553 2599 590 2659 et
625 2586 899 2684 interpretando
936 2599 973 2658 et
1006 2583 1238 2658 defendendo

147 2735 331 2857 acerrimo
347 2733 482 2847 studio
496 2736 741 2813 elaborassent
765 2736 812 2809 de
828 2736 1068 2834 plurimisque
1083 2736 1140 2807 rel
1153 2735 1241 2807 totis

143 2883 372 2957 carminibus
395 2886 452 2957 rel
475 2884 624 2983 singulis
656 2886 818 2958 versibus
840 2887 972 2958 rectius
996 2910 1107 2982 quam
1132 2897 1262 2987 antea

148 3047 246 3106 esset
280 3033 414 3107 sacurm
451 3033 692 3130 iudicassent,
739 3046 816 3107 non
852 3036 972 3135 potuit
1010 3059 1085 3106 non
1122 3030 1239 3105 videri

146 3183 335 3281 optabile,
359 3198 401 3257 ut
423 3186 517 3257 tanti
538 3148 649 3257 studii
668 3209 710 3257 ac
729 3185 865 3257 laboris
883 3184 1017 3258 fructus
1030 3184 1238 3256 scholarum

143 3332 182 3404 iu
206 3355 317 3405 usum
342 3332 598 3431 colligerentur
622 3333 888 3430 iuvenibusquc
912 3334 1145 3430 antiquarum
1178 3332 1238 3403 tu-

144 3496 309 3555 terarum
322 3482 456 3579 opibus
467 3481 515 3554 ad
532 3465 796 3555 humanitatem
811 3481 1050 3555 informandis
1062 3478 1237 3577 carpendi

142 3631 451 3730 percipiendique
475 3631 702 3705 offerrentur.
767 3630 880 3723 Quod
904 3657 1037 3705 munus
1061 3655 1145 3704 cum
1168 3655 1235 3729 ego

11 3796 13 3839 t
144 3782 384 3879 susciperem,
406 3796 442 3855 et
456 3784 609 3856 aliorum
621 3784 784 3856 virorum
801 3808 960 3882 quorum
983 3781 1235 3855 auctoritatem

11 3970 13 3987 ι
145 3933 302 4004 maximi
327 3957 471 4031 semper
483 3935 659 4008 haberem
673 3934 850 4007 roitmtati
869 3934 958 4007 cessi
975 3920 1096 4030 neque
1118 3956 1237 4028 quan·

11 4056 13 4111 5
144 4089 206 4148 tae
229 4076 278 4150 ad
313 4104 394 4152 earn
427 4105 506 4153 rem
535 4082 691 4155 honeste
724 4078 974 4155 sustinendam
1008 4077 1235 4177 superandae

121 4239 268 4351 ‘meent
295 4222 524 4303 difficultates
556 4230 631 4302 ullo
668 4254 832 4328 uuquam
864 4243 1034 4326 tempore
1064 4230 1141 4326 ipse
1174 4251 1234 4300 me

11 4468 12 4471 Ἴ
145 4375 272 4447 celari.
334 4379 438 4454 Nunc
472 4405 556 4453 cum
589 4382 627 4453 in
654 4405 699 4453 eo
725 4382 794 4453 sim
820 4393 861 4453 ut
890 4380 1024 4452 librum
1057 4379 1233 4472 emittam,

141 4520 242 4595 aiam
266 4549 379 4623 quam
415 4528 456 4601 in
481 4526 756 4605 conscribendis
788 4530 1060 4604 commentariis
1092 4541 1234 4603 secutus
