3117 5042
358 429 421 490 ue
467 444 472 453 ’
699 417 1087 485 sersronsrtull

388 622 418 665 ro
438 600 569 677 Gratia,
593 602 693 681 tama,
714 598 862 663 edendo
883 598 1045 681 mntiugst
1068 597 1189 662 abanim

439 711 479 774 Et
503 710 632 773 mundus
654 708 753 771 victus
774 726 835 769 non
856 708 1016 771 deficiente
1038 707 1211 768 crumenat
1263 728 1272 736 -

436 822 521 883 lnter
540 835 624 899 spem
646 809 826 898 curamque}
846 817 972 879 timores
992 815 1075 876 inter
1095 812 1126 875 'et
1148 814 1213 874 iras

437 928 562 989 (lumem
584 924 675 988 crede
696 916 784 987 diens
798 923 854 985 tibi
875 922 1025 985 diluxisse
1045 937 1234 1003 supremum:

435 1033 537 1098 Grata
561 1032 758 1115 superveniet
779 1049 859 1114 quae
880 1018 942 1093 non
962 1030 1137 1112 sperabitur
1159 1018 1247 1089 bora.

386 1162 414 1205 rs
435 1143 486 1205 bie
507 1143 651 1224 pinguem
672 1149 703 1202 et
725 1139 852 1202 nitidum
875 1139 952 1201 bene
974 1145 1083 1200 curata
1103 1144 1172 1198 cute
1193 1134 1286 1208 vises,

434 1250 509 1314 Curn
533 1250 635 1312 ridere
658 1249 747 1319 voles
768 1245 893 1333 Epicuri
913 1247 953 1308 de
974 1262 1074 1329 grege
1095 1252 1228 1325 porcum.

761 1466 1009 1483 Ἣ

751 1622 973 1738 Epistula
1006 1643 1047 1712 V.

433 1807 468 1870 Si
487 1813 574 1888 potes
595 1804 756 1889 Archiacis
777 1805 910 1867 corvin
931 1804 1108 1867 recumbere
1130 1802 1219 1865 lectis

432 1917 495 1977 Nec
515 1914 634 1976 modica
655 1931 788 1976 coenare
809 1913 897 1975 times
917 1914 985 1975 olus
1007 1931 1098 1975 omne
1121 1911 1249 1993 patella,
1336 2002 1340 2013 ,
1364 1926 1370 1933 ·

349 2112 453 2164 iubetur
480 2142 514 2153 -
534 2110 635 2181 pratis]
655 2111 722 2179 apud
742 2125 851 2178 mugnus
872 2111 950 2175 virus,
968 2111 1093 2178 imprimis
1110 2106 1265 2161 Messallam.
1295 2137 1329 2148 -
1356 2106 1430 2172 [aas]

351 2184 425 2239 Ouid.
447 2185 504 2234 Am.
524 2183 544 2246 l,
565 2184 606 2248 15,
623 2183 688 2235 bic
710 2182 825 2249 „Donec
847 2190 921 2248 erunt
950 2183 1025 2250 ignes
1052 2196 1179 2248 arcusque
1203 2177 1338 2244 Cupidinis
1363 2191 1432 2235 arma,

351 2256 489 2308 Discentur
508 2254 617 2317 numeri,
635 2253 705 2304 culte
725 2252 836 2315 Tibulle,
859 2255 919 2304 tui.“
938 2285 972 2294 -
990 2253 1099 2303 mundes
1117 2249 1209 2323 nictus]
1230 2250 1283 2302 Sat.
1304 2248 1338 2309 ΙΙ,
1357 2242 1431 2311 tto.

350 2326 432 2393 Epist.
452 2324 485 2387 ΙΙ,
503 2325 529 2389 2,
550 2323 607 2379 199.
641 2323 725 2376 Germ.
743 2322 790 2389 ΙΙΙ,
810 2323 916 2389 2214.
937 2358 972 2367 -
991 2330 1126 2392 emmena]
1146 2316 1271 2375 Similiter
1289 2320 1380 2371 iuven.
1396 2316 1433 2377 xl,

350 2397 403 2450 38:
424 2396 504 2463 „Quis
525 2397 594 2447 enirn
615 2402 640 2446 te
654 2393 796 2447 deficiente
815 2410 938 2446 crumena
954 2394 986 2446 Et
1000 2402 1135 2446 crescente
1145 2392 1206 2459 gula
1217 2400 1305 2443 menet
1324 2387 1433 2441 exitnsi²

349 2500 381 2510 -
402 2470 514 2536 timores]
538 2466 632 2533 „Poeta
650 2464 831 2532 tranquilliore
847 2465 950 2533 dicendi
968 2481 1066 2533 genere
1085 2481 1147 2516 usus
1166 2464 1199 2514 de
1219 2465 1345 2515 universo
1359 2475 1435 2512 reruni
1528 2513 1530 2519 ,

349 2539 515 2593 humansrum
544 2544 611 2589 statu
632 2536 734 2587 locutus
762 2546 803 2588 est
828 2546 855 2588 et
884 2537 932 2587 lmc
954 2535 987 2589 de
1007 2551 1084 2588 cause
1103 2534 1231 2602 pluralem
1252 2533 1352 2601 elegit,
1381 2530 1436 2582 licet

349 2608 488 2677 singularis
506 2610 532 2658 in
554 2607 644 2659 eedem
663 2623 691 2659 re
709 2609 905 2675 praecesserit.“
926 2606 1014 2661 laceb.
1033 2608 1065 2659 de
1085 2623 1132 2658 usu
1152 2622 1222 2657 uum.
1242 2606 1339 2724 plnr.p
1360 2606 1435 2654 11.-

348 2680 481 2749 dt'lusisse]
502 2678 666 2745 significetur
683 2678 733 2729 hoc
750 2679 832 2735 verbu
849 2680 953 2745 proprie
972 2678 998 2728 id
1017 2686 1135 2745 tempus,
1155 2694 1212 2728 enm
1234 2685 1288 2727 turn
1307 2691 1378 2726 cura
1396 2673 1434 2722 lux

349 2759 434 2802 estut
453 2766 493 2800 res
510 2750 627 2818 dignosci
647 2750 755 2815 possint.
785 2749 839 2799 Cic.
860 2750 924 2801 Phil.
942 2749 997 2812 ΙΙΙΙ,
1010 2751 1035 2812 2,
1051 2749 1085 2800 5:
1105 2748 1245 2814 „Discussa
1264 2756 1306 2798 est
1327 2745 1373 2797 illc
1392 2759 1433 2793 cr-

348 2821 412 2889 ligo‚
430 2820 530 2884 diluxit,
551 2825 631 2887 patet,
649 2820 766 2871 videmus
786 2821 895 2872 omniu.“
913 2818 948 2874 id.
969 2819 1043 2870 Catil.
1066 2819 1112 2881 ΙΙΙ,
1130 2819 1156 2871 3.
1184 2820 1240 2870 Liv.
1259 2816 1375 2877 ΙΙΧΙΙΙΙΙ,
1393 2816 1434 2866 ΙΙ.

349 2923 379 2935 -
411 2901 504 2943 cerreta
524 2891 590 2964 cute}
611 2892 692 2957 Epist.
712 2891 733 2954 1,
751 2889 777 2953 2,
798 2890 842 2942 29.
866 2922 901 2932 -
937 2892 1056 2959 ubuum]
1077 2888 1137 2940 uide
1155 2889 1187 2957 ed
1205 2891 1257 2942 Sat.
1278 2889 1311 2953 ΙΙ,
1332 2891 1359 2951 2,
1382 2884 1435 2936 12&

347 2962 385 3013 lle
404 2961 491 3029 lepido
514 2962 639 3029 epistolae
659 2963 729 3013 exitu
749 2960 811 3011 vide
829 2961 861 3011 ed
880 2960 962 3027 Epist.
983 2960 1004 3025 Ι,
1027 2964 1050 3023 1,
1071 2961 1129 3012 106.
1165 2961 1288 3011 Ceterum
1305 2974 1342 3009 ne
1356 2958 1437 3008 oden-

331 3033 415 3087 ¹deris
432 3036 529 3084 maiore
547 3035 708 3100 antiquorum
727 3032 858 3083 bominum
878 3033 905 3082 in
926 3031 966 3081 his
982 3032 1061 3082 rebus
1085 3030 1222 3091 libertate,
1250 3022 1373 3097 'compara
1391 3027 1436 3076 bos
1529 3062 1530 3065 ,

347 3102 419 3153 locos
439 3102 573 3153 Ciceronis
592 3105 617 3153 in
640 3104 689 3154 Pis.
711 3103 759 3156 lb:
779 3102 907 3169 „Epicure
924 3111 1022 3166 noster,
1042 3117 1075 3152 ex
1093 3102 1153 3152 bers
1172 3101 1317 3169 producte,
1334 3115 1388 3153 uon
1406 3113 1437 3149 ex

346 3172 462 3235 sebois.“
487 3172 547 3222 ibid.
567 3173 617 3225 30:
636 3173 719 3237 „Quid
737 3178 807 3224 nurse
826 3181 862 3237 te,
880 3175 962 3235 asine,
983 3174 1080 3223 litteras
1099 3171 1250 3223 doceamiss
1268 3172 1301 3223 ud
1321 3174 1374 3223 Art
1395 3169 1438 3229 lv,

344 3245 377 3296 b:
396 3244 471 3307 „Scio
492 3258 533 3293 me
551 3245 650 3294 usinum
664 3258 815 3310 germanum
833 3244 939 3295 luisse.“
970 3245 1035 3296 llere
1055 3253 1142 3295 eutem
1160 3244 1266 3310 Epicuri
1286 3242 1375 3309 ἡδονὴ
1392 3240 1439 3291 init
1529 3286 1530 3289 ,

345 3314 482 3382 ἀπραξία
509 3320 535 3363 et
563 3313 671 3367 elucris
690 3322 718 3364 et
742 3318 841 3383 ὑγίεια
861 3309 1087 3386 rnri‘cutpbrofr
1104 3329 1181 3382 quam
1206 3312 1339 3382 quomodo
1366 3312 1440 3380 pravi
1529 3320 1530 3323 ’

345 3384 461 3435 homines
479 3383 656 3433 intellexerint
672 3383 744 3435 vides
763 3400 797 3436 ex
816 3384 943 3441 hocloco
963 3386 1080 3438 Senecae
1095 3380 1130 3448 'de
1150 3387 1195 3436 rit.
1218 3385 1351 3436 beet12:
1368 3381 1439 3449 „lies

344 3456 376 3506 alr
398 3454 509 3522 Epicuro
529 3453 633 3522 impulsi
651 3453 821 3520 luxuriantur,
840 3455 886 3508 sed
904 3457 974 3508 vitiis
992 3455 1072 3508 dediti
1092 3456 1219 3507 luxuriem
1237 3471 1310 3506 suern
1333 3456 1361 3505 in
1381 3454 1441 3521 pbi-

345 3526 481 3595 losopbiee
499 3527 556 3577 sinu
575 3526 831 3579 abscondentem
850 3537 1020 3590 concurrunt,
1051 3527 1096 3579 ubi
1114 3527 1222 3579 audiunt
1241 3524 1345 3578 landari
1364 3524 1441 3576 vols·

345 3606 450 3664 protem.
495 3597 550 3648 Nec
570 3599 719 3649 aestimatur
752 3594 872 3665 voluptas
899 3597 945 3649 ille
965 3597 1088 3664 Epicuri,
1112 3599 1147 3649 ite
1174 3599 1243 3648 enim
1274 3595 1442 3648 mehercules
1529 3642 1530 3659 ,

346 3671 439 3730 sentio,
458 3684 515 3719 cum
534 3670 603 3719 sicca
622 3678 648 3721 et
665 3669 752 3720 solaria
776 3671 818 3731 sit,
837 3668 884 3720 sed
904 3668 936 3719 ad
950 3682 1050 3720 nomen·
1064 3670 1149 3735 ipsum
1168 3668 1292 3719 advolant
1305 3682 1442 3737 quaerea-

344 3746 384 3791 tes
407 3739 556 3790 libidinibus
575 3742 629 3791 suls
648 3742 818 3807 patrocinium
836 3739 989 3806 aliquodue
1008 3739 1210 3791 velamentum!

776 3826 947 3911 Epistola
971 3845 1001 3897 V.
1062 3834 1064 3839 ⁸

414 3947 452 3998 lte
466 3947 603 4016 Torquato,
622 3948 654 3999 ed
672 3963 748 4016 quem
767 3948 833 3999 baec
853 3956 893 3999 est
914 3948 1033 4016 epistola,
1051 3950 1112 4001 vide
1131 3950 1164 4001 ed
1181 3949 1266 4001 Cerrn.
1283 3949 1330 4012 ΙΙΙ,
1350 3950 1384 4010 7;
1403 3955 1444 3997 rt-

343 4032 395 4085 que
414 4018 504 4069 eodem
527 4033 608 4085 prope
627 4018 737 4070 consilio
759 4028 785 4070 et
805 4033 908 4073 carmen
926 4020 991 4072 illud
1009 4030 1036 4073 et
1063 4023 1129 4072 banc
1151 4020 1290 4089 epistolam
1317 4022 1445 4087 scripta!

344 4103 403 4139 esse
423 4099 500 4154 patet
538 4090 578 4141 lle
597 4105 665 4141 anno
684 4098 767 4141 antem
789 4089 866 4141 natali
887 4090 962 4143 buius
982 4093 1110 4160 epistolae
1127 4108 1180 4144 non
1203 4094 1379 4143 consentiunt
1397 4091 1445 4141 riri

343 4158 428 4219 docti;
456 4161 574 4211 nimirum
592 4170 689 4212 eertum
709 4163 832 4227 temporis
851 4162 974 4213 indicium
992 4179 1053 4215 non*
1064 4167 1198 4232 reperitur.
1236 4162 1301 4213 llam
1324 4178 1361 4213 ex
1383 4177 1445 4213 rer-

343 4229 414 4279 sibns
434 4229 453 4280 t
473 4237 500 4279 et
519 4230 536 4280 9
556 4231 606 4281 boc
624 4248 703 4282 unum
723 4248 769 4298 pro
796 4240 868 4283 certo
894 4242 981 4300 potest
1007 4235 1146 4298 affirmari,
1175 4233 1280 4285 dedisse
1305 4233 1446 4285 lloratinsr

346 4298 412 4349 benc
429 4300 565 4365 epistolam
586 4310 706 4369 qusturnr
724 4302 766 4353 vel
788 4306 902 4372 quinque
926 4306 1000 4356 annis
1020 4312 1079 4374 post
1099 4305 1206 4357 alterum
1226 4302 1400 4355 consulatum
1419 4302 1445 4353 Ι.

343 4368 434 4418 sterilli
453 4369 526 4420 Tauri
545 4385 567 4420 a.
587 4373 653 4433 7283
673 4387 730 4423 nem
752 4372 873 4424 nsulicir
895 4378 1002 4441 Augusti
1024 4380 1074 4427 iam
1094 4376 1155 4427 inde
1173 4374 1211 4426 sb
1231 4389 1300 4426 enno
1321 4375 1380 4428 725
1396 4388 1447 4425 ω-

342 4434 440 4487 lebntn
460 4454 518 4488 erse
535 4445 674 4494 memoriae
688 4442 801 4509 prodidit
818 4444 866 4495 llio
885 4444 992 4496 Cassius
1011 4446 1051 4511 tt,
1075 4447 1123 4499 to:
1151 4447 1212 4513 ,Ἐν
1230 4460 1259 4499 re
1276 4455 1340 4503 τοῖς
1363 4462 1449 4513 γενε-

341 4507 433 4565 θλίοις
462 4508 548 4567 αὐτοῦ
572 4518 620 4565 καὶ
649 4516 680 4567 ἐν
698 4514 728 4584 τῇ
753 4520 801 4579 τῆς
825 4515 960 4587 ἀγγελίας
979 4519 1024 4584 τῆς
1047 4525 1122 4585 νίκης
1150 4513 1243 4588 ἡμέρᾳ
1269 4519 1449 4590 ἱερομηνίαν
