3117 5042
539 393 847 475 eustratio.
1193 414 1238 455 ru

143 604 188 650 ex
217 579 403 676 poematis
439 579 528 674 ipsis
564 576 729 649 haustam
767 600 888 674 neque
921 579 1097 657 maiorem
1127 604 1238 677 quam

150 752 246 826 quae
269 726 371 800 laeile
398 728 444 803 ab
470 724 762 801 adolescentibus
785 726 964 824 legeretur
988 741 1025 799 et
1042 728 1091 800 ita
1109 729 1240 802 mode·

144 892 284 970 ratam,
319 891 361 948 ut
393 900 491 973 qnae
530 889 627 948 certa
649 888 769 947 essent
793 888 831 948 et
849 873 956 949 firma
980 877 1026 948 ab
1053 877 1098 949 iis
1120 902 1239 950 secer-

148 1040 336 1118 nerentur,
361 1044 456 1123 qnae
469 1026 546 1096 reri
571 1014 723 1121 quidem
736 1024 868 1095 similia
884 1023 1006 1096 multis
1018 1024 1240 1121 riderentur,

146 1200 337 1273 nunquam
359 1189 482 1247 tamen
508 1175 654 1271 penitus
680 1186 830 1271 possent
855 1171 1044 1283 explorari.
1083 1173 1123 1245 lu
1147 1198 1240 1247 con·

146 1324 339 1397 stituendis
363 1338 496 1421 poetae
518 1324 638 1396 rsrbis
661 1346 740 1395 eam
767 1323 860 1394 mihi
883 1322 999 1420 legem
1026 1303 1103 1395 esse
1127 1325 1238 1418 volui,

144 1490 186 1548 ut
212 1476 551 1572 antiquissimorum
577 1486 614 1545 et
638 1473 864 1571 optimorum
889 1470 1083 1568 codicum,
1108 1475 1238 1573 impri-

144 1625 216 1698 mis
250 1621 545 1721 Cmquianorum
580 1636 616 1697 et
647 1621 943 1716 Orellianorum,
981 1623 1233 1697 auctoritatem

146 1797 325 1871 sequerer
349 1795 472 1870 neque
498 1785 583 1843 ante
606 1771 762 1844 aliorum
778 1782 815 1841 et
824 1768 1048 1843 deteriorum
1060 1772 1236 1845 lectiones

141 1927 345 2022 reciperem
372 1947 483 2021 quam
509 1923 560 1994 illi
586 1934 712 2018 aperte
736 1918 822 1992 falsa
847 1922 1087 2017 praeberent,
1108 1926 1235 1996 conie-

141 2077 255 2175 cturis
281 2069 580 2167 emendandique
612 2069 807 2166 periculis,
843 2093 938 2166 quae
971 2071 1009 2142 in
1042 2071 1230 2144 Horatium

140 2236 177 2295 et
203 2222 291 2294 olim
331 2221 495 2293 lecerunt
528 2231 564 2291 et
595 2242 693 2291 nuno
722 2218 860 2292 iaciunt
892 2220 1043 2314 iniuria,
1079 2246 1227 2318 prorsus

137 2372 372 2443 abstinerem.
430 2370 577 2440 Praeter
608 2368 686 2465 ipsa
716 2369 827 2439 rerba
852 2392 983 2465 magna
1007 2370 1115 2440 etiam
1142 2394 1227 2442 eura

6 2620 8 2631 ‚
137 2517 350 2593 adhibenda
375 2530 452 2589 erat
476 2514 523 2588 de
546 2516 667 2589 verbis
691 2517 954 2613 sententiisque
981 2517 1228 2590 intersecan-

6 2666 7 2669 '
136 2667 330 2767 iungendis
355 2665 750 2764 interpungendisque3
782 2666 820 2736 in
856 2690 929 2763 qua
961 2691 1001 2737 re
1026 2665 1126 2738 haud
1151 2670 1227 2740 seio

136 2843 183 2891 an
208 2816 301 2915 quid
324 2817 428 2912 peius
450 2816 567 2913 possit
592 2815 730 2887 institui
767 2838 878 2911 quam
910 2816 940 2886 si
975 2817 1056 2913 quis
1089 2819 1227 2913 patriae
1313 2892 1317 2893 γ

6 2942 8 2969 ’
135 2969 282 3065 linguae
321 2980 485 3038 naturam
521 2989 679 3061 sequens
726 2978 1009 3061 nostrorumque
1045 2989 1226 3063 gramma·
1370 2936 1373 2943 Ι

6 3074 8 3161 l
135 3116 296 3188 ticorum
329 3115 462 3187 severis
506 3113 647 3211 legibus
693 3114 951 3210 obtemperans
993 3115 1227 3187 cohaerentia

6 3302 8 3377 ὲ
135 3267 304 3339 membra
328 3266 432 3337 latini
457 3264 637 3335 sermonis
652 3263 759 3335 loede
774 3263 965 3359 dissecare,
990 3267 1124 3338 alienas
1141 3292 1226 3363 par-

6 3480 8 3519 i
133 3428 188 3485 tes
213 3413 392 3487 violenter
418 3413 638 3508 coniungere
653 3436 728 3482 non
745 3410 899 3483 dubitet.
950 3411 1058 3485 Cuius
1074 3413 1225 3512 quidem

6 3530 8 3547 ’
134 3551 189 3621 rei
222 3548 341 3620 tristia
376 3546 542 3641 exempla
573 3546 661 3617 olim
700 3545 828 3640 collegi
862 3546 902 3619 iu
942 3546 1226 3639 Quaestionibns

6 3758 8 3789 ,
137 3699 231 3770 meis
256 3697 463 3770 Horatianis
486 3721 524 3793 p.
549 3695 762 3768 *115-119.
815 3695 1036 3769 Adiuramur
1061 3722 1144 3769 cum
1171 3698 1225 3767 le-

6 3818 7 3859 ³
129 3848 251 3944 gimus
273 3870 362 3917 sana
376 3841 659 3941 interpungendi
674 3843 828 3939 ratione,
854 3843 1077 3940 impedimur
1092 3868 1222 3940 prava3

6 4002 8 4061 l
132 4010 244 4094 atque
266 3991 451 4067 audienda
477 4007 530 4065 est
555 3993 617 4064 illa
628 4018 698 4066 vox
715 3990 900 4067 Ciceronis
914 3993 961 4065 de
975 3992 1073 4065 Orat.
1085 3993 1144 4089 ΙΙΙ,
1154 3991 1221 4070 46:
1272 4060 1277 4071 .

128 4145 332 4239 „clausulas
357 4156 393 4217 et
418 4144 650 4239 interpuncta
670 4142 866 4215 verborum
882 4144 1024 4215 animae
1050 4144 1223 4218 intercln·
1417 4170 1428 4205 s
1552 4167 1554 4224 1

132 4296 189 4366 sio
215 4306 253 4365 et
276 4293 462 4391 angustiae
483 4290 630 4388 spiritus
645 4286 879 4363 attulerunt.“
930 4254 1221 4391 Ortbograpbiae
1553 4251 1554 4257 ἵ

128 4443 261 4514 melius
288 4466 347 4513 me
374 4441 626 4515 consulturum
651 4441 847 4537 putabam,
872 4442 903 4513 si
928 4443 1107 4541 vulgarem
1132 4444 1221 4515 seri·
