3117 5042
328 363 391 424 ltb
730 362 1017 430 ubstttnttttt

566 544 603 610 st
624 552 744 629 pugnat
763 549 919 614 extricato
941 550 1047 616 densis

608 653 712 719 Gerre
734 656 849 739 plagis,
870 659 929 722 erit
951 659 1007 723 ille
1027 661 1117 727 tortis

522 804 580 879 Qui
603 805 727 886 perbdis
748 826 784 870 se
806 810 939 872 eredidit
960 809 1118 889 hostibus,

521 911 562 973 ΙΙΙ
581 912 683 977 blatto
707 915 826 981 Poenos
846 925 984 1000 proteret
1004 921 1105 983 altero

466 1036 496 1080 ιι
558 1020 616 1097 Qui
639 1021 710 1092 lora
728 1025 880 1088 restrictis
903 1027 1030 1091 lacertis

603 1128 711 1193 Sensit
732 1131 817 1195 iners
840 1134 998 1217 timuitque
1018 1142 1157 1201 mortem.

521 1271 578 1337 llic
599 1276 678 1339 uude
698 1278 763 1341 vita
783 1288 918 1344 sumeret
939 1281 1054 1347 inscius

520 1380 629 1445 Pacem
652 1385 755 1450 duello
776 1388 907 1453 miscuit.
952 1391 977 1453 t)
1001 1391 1115 1473 pudor!

563 1492 590 1553 u
610 1511 726 1576 magno
746 1495 924 1580 Karthago,
946 1500 1106 1581 probrosis

469 1618 500 1662 to
603 1601 706 1665 Altior
726 1606 838 1668 italiae
861 1606 979 1671 ruinis!
1046 1686 1050 1694 1

523 1748 635 1813 Fertur
657 1752 787 1833 pudicae
808 1754 951 1838 coniugis
973 1754 1108 1820 osculum

522 1857 701 1940 Partosque
721 1868 813 1923 natos
833 1871 868 1925 ut
885 1862 996 1944 rapitis
1016 1861 1117 1930 minet·

563 1969 611 2034 At
631 1988 666 2031 se
687 1971 856 2035 removisse
881 1977 912 2033 et
934 1969 1055 2034 virilem

597 2078 721 2141 Torvus
739 2077 825 2148 ,tunt
846 2078 987 2160 posuisse
1008 2080 1163 2159 vultum,-

468 2242 498 2287 ιι
518 2226 624 2288 llouec
644 2226 786 2289 labantes
807 2226 937 2290 coasilio
956 2234 1064 2309 putres

524 2334 678 2397 Firmaret
700 2341 811 2398 auctor
832 2343 985 2418 uunquam
1004 2334 1086 2400 alias
1108 2334 1183 2399 tato
1223 2370 1232 2386 ·

560 2444 704 2524 interque
724 2450 899 2506 moerentes
920 2443 1035 2507 amieos

603 2552 764 2636 Egregius
786 2559 971 2635 properaret
994 2551 1092 2613 exsul.

521 2701 616 2785 Atqui
639 2703 757 2766 sciebat
776 2719 856 2785 quae
878 2701 937 2764 sibi
959 2701 1110 2766 barbarus

469 2827 499 2872 sn
519 2810 637 2875 'l'ortor
655 2817 799 2892 peroret:
821 2828 882 2873 nou
903 2810 997 2874 aliter
1017 2816 1119 2872 umen

565 2919 701 2983 Dimovit
718 2918 878 2986 obstantes
896 2917 1084 3000 propinquos

321 3092 347 3154 2,
363 3092 403 3147 tiz,
416 3091 496 3158 „Cum
515 3103 662 3161 reputarem
680 3094 806 3162 quosdam
822 3109 855 3145 ex
871 3091 959 3144 debito
976 3094 1146 3161 aliquantum,
1164 3092 1291 3161 quosdam
1310 3090 1430 3160 aliquid,

321 3160 445 3228 quosdam
465 3164 530 3222 nibil
549 3166 723 3233 reposuissett
746 3195 774 3208 -
795 3166 941 3240 sipspnotl
961 3166 988 3217 Si
1009 3163 1075 3216 ordo
1090 3179 1176 3215 rerum
1194 3163 1342 3226 invertitur,
1362 3172 1431 3216 tunc

322 3231 402 3283 iortes
421 3243 496 3285 erunt
514 3238 558 3303 qui
577 3235 658 3287 semel
681 3236 749 3302 cepti
767 3235 929 3287 honestatem
949 3237 1097 3287 omiserunt.
1116 3269 1151 3278 -
1173 3234 1431 3310 perfidis‘erediditl

321 3301 435 3370 Egregie
452 3307 520 3357 inter
540 3321 569 3357 se
588 3315 762 3374 opponuntur,
781 3315 810 3358 ut
829 3305 913 3358 Curru.
934 3307 979 3370 ΙΙΙ,
997 3307 1042 3370 ii,
1060 3306 1103 3357 25.
1132 3334 1166 3349 -
1206 3306 1256 3356 llic
1273 3305 1355 3373 unde}
1380 3307 1431 3356 Sic

322 3372 425 3440 plurimi
444 3375 558 3440 codices,
579 3386 606 3429 et
623 3385 695 3429 recte
705 3378 809 3444 quidem
821 3376 920 3445 legunt.
937 3378 1067 3430 llicenim
1080 3393 1139 3428 eum
1155 3375 1337 3443 indignatione
1348 3378 1431 3443 posi-

322 3452 375 3495 tum
387 3447 498 3499 retertur
511 3448 543 3499 ed
559 3465 617 3500 eum
636 3448 743 3499 militem
763 3464 840 3515 quem
857 3457 917 3499 unte
934 3448 1079 3514 descripsit
1112 3448 1137 3499 ls
1158 3450 1237 3514 igitur
1247 3449 1292 3514 qui
1314 3449 1376 3514 capi
1395 3463 1431 3498 se

320 3531 413 3583 possus
430 3527 489 3581 est,
516 3535 574 3571 cum
595 3520 674 3571 nimis
703 3519 844 3586 cupiditate
863 3522 933 3571 uitae
957 3519 1153 3570 conservandae
1170 3525 1329 3569 occaecatus
1349 3526 1430 3568 reete

322 3602 378 3638 sem
397 3592 496 3642 servari
515 3591 616 3643 sortitor
633 3590 774 3657 pugnaudo
795 3605 847 3641 non
867 3591 1010 3658 cogitaret,
1044 3605 1117 3641 suoru
1145 3604 1235 3656 pacem
1266 3589 1333 3639 lecit
1363 3605 1428 3639 curn

321 3657 405 3710 boote.
452 3661 501 3715 Ubi
526 3664 617 3714 ciuitas
642 3661 740 3714 bellum
765 3660 883 3713 intulerit
902 3661 936 3712 ibi
962 3660 1073 3726 siugulis
1092 3660 1193 3712 civibus
1212 3675 1265 3711 non
1283 3659 1371 3711 licere
1388 3661 1429 3710 ait

319 3725 437 3797 Regulus
455 3748 547 3799 punem
565 3731 729 3797 componere.
750 3763 787 3775 -
824 3732 920 3807 hello]
940 3732 1078 3799 Antiquior
1099 3732 1181 3783 torma
1199 3734 1309 3800 egregie
1330 3732 1358 3781 in
1377 3746 1430 3781 ors

320 3803 418 3871 antiqui
440 3803 542 3870 Reguli.
587 3804 638 3857 Sed
656 3804 785 3871 reperitur
803 3803 893 3854 eudem
913 3802 960 3866 ΙΙΙ,
979 3802 1021 3866 rt,
1041 3802 1081 3854 18.
1104 3802 1148 3864 tv,
1171 3805 1213 3865 15,
1231 3803 1258 3852 8.
1297 3802 1383 3869 Epist.
1404 3800 1429 3862 Ι,
1535 3801 1536 3804 ’

321 3872 389 3936 Η.
418 3874 452 3938 ΙΙ,
477 3878 500 3937 Ι,
519 3873 580 3928 254.
615 3875 648 3936 ΙΙ,
667 3876 693 3934 2,
711 3875 754 3927 98.
774 3874 886 3926 Festus:
906 3873 1043 3938 „Duellum
1060 3873 1178 3935 bellum,
1206 3870 1334 3924 videlieet
1354 3872 1430 3941 quod

320 3942 420 3997 duribus
440 3945 555 4012 portibus
571 3947 604 3997 do
621 3946 730 3996 victorio
748 3944 965 3996 contendentibus
984 3944 1145 3997 dimicatur.“
1175 3946 1218 3996 Sic
1241 3945 1279 3995 bis
1301 3961 1334 3995 cx
1357 3945 1429 4005 duis,

321 4013 401 4068 bonos
420 4033 435 4066 e
454 4017 562 4072 duonus.
592 4045 626 4058 -
656 4016 798 4086 probrosis]
831 4015 926 4068 Probra
955 4031 1013 4067 eum
1038 4017 1167 4067 dedecore
1187 4023 1246 4066 suut
1266 4017 1431 4074 coniunctn3
1533 4011 1535 4080 ζ

323 4087 493 4154 quero-quod
514 4088 649 4154 imperium
668 4087 810 4139 Romanum
831 4102 845 4137 o
866 4086 959 4139 Poenis
978 4089 1075 4138 victuro
1096 4089 1196 4138 ruiuunr
1215 4088 1345 4149 minetur,
1369 4087 1432 4137 eins
1533 4093 1534 4102 ¹

326 4158 363 4208 rei
377 4155 453 4223 culpe
468 4161 542 4210 ostiu
559 4157 732 4226 ignominiose
750 4160 846 4210 oinium
867 4159 981 4225 ignavie.
1018 4158 1072 4211 Sibi
1091 4159 1141 4224 ipsi
1160 4159 1279 4208 irascitur
1296 4155 1432 4226 ltcguius.

398 4252 428 4304 ΙΙ.
447 4251 490 4302 tu.
515 4254 607 4322 cupitis
622 4255 716 4323 minor}
743 4253 849 4321 ,Capite
867 4253 1012 4306 deminutus
1031 4262 1086 4304 orat
1103 4255 1147 4321 qui
1171 4255 1196 4302 iu
1215 4251 1329 4303 bostium
1348 4261 1434 4319 pote-

326 4329 419 4375 statem
439 4324 536 4373 vonit«
555 4323 655 4375 Festus.
684 4323 718 4374 ci.
739 4324 792 4376 biv.
813 4324 893 4386 xxu,
912 4324 953 4375 60.
988 4324 1092 4391 Triplex
1111 4333 1167 4374 erat
1187 4325 1282 4391 capitis
1303 4323 1434 4375 deminu-

326 4394 371 4444 tio.
394 4424 428 4436 -
459 4394 564 4463 Torum]
585 4394 622 4445 cle
640 4394 714 4447 Ouid.
733 4396 791 4447 blet.
811 4397 844 4456 V,
864 4396 907 4448 92.
935 4397 1006 4460 virg.
1025 4398 1119 4462 Georg.
1142 4394 1187 4456 ΙΙΙ,
1207 4396 1251 4448 bt.
1283 4389 1435 4462 ταυρηδὸν

329 4464 509 4533 bnopltnttr·
530 4495 561 4512 -ι
584 4469 676 4535 tortor}
698 4466 732 4518 cl.
752 4459 807 4517 Cic.
827 4466 861 4518 de
878 4466 922 4519 ou.
943 4466 963 4530 l,
984 4467 1025 4519 13.
1046 4466 1092 4532 ill,
1111 4467 1155 4519 27.
1174 4494 1209 4510 -
1231 4466 1344 4537 ηιίἰιιιιι
1365 4465 1435 4520 Plu-
