3117 5042
339 397 401 456 roo
750 389 1028 456 cnnmlrtuttt

578 571 698 636 nuato
717 531 912 656 nempe
931 574 1025 637 naex
1090 580 1092 584 ’

480 697 510 743 nn
613 679 655 743 nt
673 680 785 745 ulier
803 681 972 763 peregrine
993 682 1088 745 vertit

534 831 571 894 ln
590 827 766 912 pulverem,
790 848 830 894 ex
851 847 911 913 quo
934 830 1075 893 destituit
1094 830 1169 894 deos

537 938 681 1002 llereede
700 943 793 1020 pacta
815 937 1010 1018 menedon,
1031 937 1106 1002 mibi

579 1045 753 1129 Cestaetpue
781 1045 958 1118 damnamur
980 1045 1144 1109 lllherrae

622 1152 698 1217 Cum
720 1153 834 1236 populu
857 1156 889 1215 et
906 1152 984 1216 duee
999 1154 1211 1218 *aarum

487 1331 517 1376 ut
535 1315 599 1377 leur
619 1330 677 1375 nee
699 1312 861 1375 Lacaenae
880 1311 1023 1394 splendet
1042 1312 1203 1376 adulterae

538 1421 686 1485 Furiosus
706 1419 818 1501 laospes
840 1437 897 1482 nee
917 1411 1161 1484 Priami‘domus

576 1527 706 1591 Periurn
725 1546 884 1609 pugnaees
905 1528 1041 1593 Aeltvaa

621 1635 782 1699 Hectoreis
803 1636 913 1717 opibus
933 1636 1095 1719 refringit,

537 1791 719 1873 Nostrisque
742 1791 866 1853 ductum
886 1791 1091 1855 seditionibus

480 1915 511 1962 to
534 1899 649 1962 llellum
668 1898 794 1962 resedit.
838 1898 982 1962 Protinus
1004 1904 1169 1981 etgraves

578 2008 643 2070 lras
663 2013 694 2067 et
712 1993 845 2069 invisum
866 2012 1025 2087 nepotem,

618 2113 734 2178 'l'roica
755 2131 844 2195 quern
865 2113 985 2194 peperit
1004 2113 1173 2194 sacerdos,

537 2261 633 2326 bltrti
654 2261 834 2338 redonabo3
854 2261 941 2325 illum
962 2280 1022 2345 ego
1041 2261 1161 2326 lucidas

535 2370 618 2434 lnire
642 2370 742 2449 sedes,
764 2369 883 2432 discere
904 2370 1041 2432 nectaris

382 2549 389 2556 ⁸
485 2495 515 2540 es
576 2476 676 2543 Sueos
697 2483 729 2539 et
750 2476 887 2541 adscribi
908 2476 1020 2560 quietis

618 2585 785 2649 Ordinibus
805 2585 909 2666 patiar
929 2584 1067 2647 deorum·

336 2781 513 2849 duplicatione
532 2778 742 2848 (duoedtnloeue)
763 2777 916 2830 eobortandi
935 2786 961 2830 et
978 2778 1125 2830 deterrendi
1144 2778 1184 2830 vis
1201 2780 1279 2831 inest
1302 2811 1331 2823 -
1357 2787 1438 2850 sata-

337 2853 370 2906 lis
386 2855 557 2919 meatusque]
576 2849 610 2902 el.
630 2849 679 2917 Ep.
700 2847 734 2911 ll,
753 2850 778 2912 1,
795 2850 835 2901 rt.
872 2848 919 2900 Est
935 2858 1022 2900 autem
1038 2850 1091 2900 lato
1112 2849 1255 2902 destinatus
1273 2850 1307 2902 ad
1325 2855 1437 2906 exitia·

335 2926 426 2977 Troiae
445 2923 588 2985 ferendum,
606 2921 668 2989 quia
685 2920 800 2970 incestus
818 2925 858 2970 est
876 2928 1016 2988 casuque
1033 2931 1071 2984 (v.
1091 2921 1139 2988 23)
1159 2921 1225 2972 deae
1243 2923 1353 2974 invisus.
1380 2927 1438 2994 Qu

336 2995 464 3063 particula
483 2993 610 3043 adduntur
637 3003 820 3057 nonnunquam
849 3005 916 3056 quae
942 2989 1088 3057 explicandi
1120 3007 1198 3044 causa
1219 2997 1370 3046 necessaria
1393 2996 1438 3046 vi·

337 3067 439 3118 dentur.
475 3065 518 3117 Sie
539 3062 609 3115 iufra
627 3077 653 3111 v.
672 3061 715 3113 59.
734 3059 818 3114 Germ.
837 3059 858 3122 Ι,
876 3060 956 3122 tto.
973 3061 994 3122 1,
1014 3060 1059 3124 36,
1077 3061 1103 3113 9.
1121 3062 1167 3126 ΙΙΙ,
1185 3064 1264 3127 5,36.
1286 3098 1320 3109 -
1338 3067 1437 3119 multu

333 3131 1437 3278 tttffitlltttttttttltl‘irritaberunt-5¹:⁰22*ttuitta

337 3276 402 3328 deos
421 3274 523 3326 lelellit.
559 3274 590 3325 ln
610 3272 784 3323 laomedonte
802 3273 901 3323 initium
921 3281 961 3324 est
978 3274 1113 3337 interitus,
1140 3275 1167 3325 in
1187 3275 1280 3329 Paride
1297 3278 1435 3347 lastigium

338 3354 365 3398 et
382 3344 519 3400 absolutio.
556 3343 596 3395 lle
614 3342 704 3394 lraude
718 3342 897 3393 laomedontis
917 3343 978 3393 vide
989 3343 1069 3402 ,llonn
1089 3343 1118 3394 ll.
1129 3344 1324 3417 xxtttssqq.
1343 3351 1436 3418 Aper.

335 3426 389 3469 tum
407 3424 455 3480 est,
472 3415 665 3483 fraudulentum
682 3414 772 3465 <laeena
790 3429 816 3464 v.
834 3415 869 3466 24
890 3427 943 3465 nou
961 3429 1021 3466 essa
1038 3416 1204 3467 innocentem
1224 3417 1369 3484 Priamum,
1388 3422 1435 3489 qui

334 3490 460 3541 maiorum
480 3485 582 3552 eulpam
599 3485 656 3550 luit,
676 3484 723 3536 sed
740 3485 825 3551 ipsum
843 3483 1051 3537 Laomedontem.
1075 3515 1110 3528 -
1138 3489 1256 3539 mercede
1271 3499 1366 3560 pactu]
1393 3500 1436 3544 est

334 3559 463 3611 ablativus
483 3557 655 3610 instrumenti.
692 3555 815 3608 Similiter
834 3554 887 3605 liv.
906 3554 924 3606 1.
942 3557 991 3607 bit
1027 3555 1117 3624 ,quod
1143 3558 1266 3609 morando
1286 3578 1363 3628 spem
1385 3563 1436 3615 de.

335 3632 471 3682 stituerit.“
489 3659 521 3671 —
542 3626 687 3696 adulterae]
709 3633 750 3676 est
769 3624 870 3675 dativus
892 3625 1000 3678 ethicus.
1019 3657 1053 3668 -
1078 3627 1223 3751 lleetoreiff
1252 3632 1285 3682 cl.
1305 3633 1394 3685 Cum.
1414 3637 1435 3698 l,

335 3700 417 3764 &36
435 3699 525 3766 ,Epist
543 3698 563 3762 l,
585 3699 627 3760 12,
649 3697 692 3748 20.
712 3696 827 3762 Propert.
848 3695 894 3758 ΙΙΙ,
906 3696 994 3760 3,44;
1014 3697 1183 3760 „Teutonicas
1223 3716 1282 3752 euna
1301 3704 1435 3773 refringat

336 3778 426 3838 opes“,
445 3772 473 3821 in
493 3785 545 3838 qao
567 3768 626 3820 loco
644 3767 712 3817 idem
731 3766 853 3817 estverbi
872 3769 1036 3835 resrinpeadi
1054 3770 1172 3834 poeticus
1191 3787 1264 3835 usus,
1284 3773 1435 3843 lrangendo

334 3843 485 3908 reprimere
507 3871 540 3881 -
558 3838 665 3908 resedit]
685 3837 847 3888 Contrarium
864 3837 980 3888 residere
995 3847 1035 3889 est
1055 3839 1194 3906 surgendo.
1232 3841 1310 3896 Ovid.
1331 3848 1393 3898 Am.
1414 3847 1434 3912 l,

264 3918 273 3927 '
337 3913 361 3974 Ι,
380 3912 431 3965 27:
450 3911 518 3978 ,Sex
534 3910 597 3961 mibi
618 3915 708 3974 surgat
723 3922 789 3974 opus
808 3910 930 3972 numeris,
947 3910 976 3959 in
994 3911 1109 3977 quinque
1128 3911 1247 3963 residatu
1276 3946 1311 3957 .-
1353 3917 1435 3969 nav.

334 3982 412 4050 nabo]
434 3982 458 4033 ln.
479 3997 504 4032 v.
522 3996 574 4031 non
589 3979 684 4046 legitur
701 3980 751 4029 nisi
772 3977 812 4028 bis
831 3979 899 4044 apud
922 3980 1071 4043 Horatium,
1100 3981 1147 4032 sed
1171 3983 1275 4035 diversa
1293 3988 1434 4054 signifiea-

335 4055 423 4103 tione:
450 4052 534 4103 Canu.
553 4052 586 4115 ll,
605 4050 631 4115 7,
650 4048 667 4100 3
683 4048 750 4099 idern
772 4058 811 4100 est
831 4049 900 4115 quod
916 4049 1044 4113 reddere,
1081 4051 1122 4101 bie
1144 4054 1434 4127 immunitumaliquem

334 4124 444 4173 mittere.
481 4123 575 4174 Verum
593 4123 620 4171 in
638 4119 687 4170 bae
706 4134 811 4186 quoque
831 4121 856 4168 vi
875 4120 956 4171 altera
974 4122 1099 4172 reddendi
1118 4123 1218 4174 inclusa
1237 4135 1286 4190 est,
1307 4146 1435 4197 praesa.

335 4195 380 4243 tim
398 4195 458 4258 quia
479 4194 617 4242 coniuncta
636 4198 677 4241 est
694 4206 752 4240 cuin
771 4189 858 4242 dativo
881 4191 972 4242 Marti.
1018 4193 1067 4256 Qui
1094 4192 1172 4245 alicui
1190 4194 1306 4262 aliquem
1327 4203 1435 4268 eripuit,

335 4261 429 4314 deinde
451 4261 606 4313 incolumem
625 4259 716 4324 reddit,
736 4261 758 4310 is
776 4261 885 4312 redonat
901 4292 935 4303 --
947 4262 1057 4337 discere}
1079 4265 1123 4316 Sic
1141 4265 1214 4316 multi
1234 4269 1330 4334 codd.;
1351 4272 1435 4340 vulgo

334 4335 436 4385 decere.
473 4332 524 4384 Sed
545 4333 631 4385 Martis
648 4330 716 4381 lilius
734 4332 778 4398 qui
799 4331 939 4382 admittitur
959 4332 990 4382 ad
1009 4335 1158 4386 convivium
1177 4336 1295 4405 deorum,
1314 4342 1434 4396 mortalis

333 4411 394 4454 ante
411 4411 499 4454 nectar
518 4402 633 4453 nondum
657 4404 784 4468 gustuum
814 4403 876 4455 satis
895 4411 935 4454 est
952 4404 1031 4471 igitur
1058 4405 1158 4458 discere
1187 4423 1247 4460 eum
1274 4428 1356 4464 sucos
1381 4429 1432 4465 ne-

333 4472 419 4527 curis.
