3117 5042
371 415 465 482 titt.
491 418 532 482 tt·
573 414 724 482 (ΒΑΜ.
751 417 804 480 ΙΧ.
828 421 867 480 Χ.

497 619 699 696 Carmen
726 623 767 694 X.

293 790 417 852 Rectius
441 790 542 867 vives,
566 790 680 867 Licini,
703 809 801 874 neque
824 792 921 854 altum

293 897 424 980 Semper
444 899 586 979 urgendo
606 916 704 981 neque
724 898 795 961 dum
817 899 970 980 procellas

298 1004 416 1067 Cautus
437 1004 592 1069 horrescis
613 1006 735 1069 niumm
756 1006 923 1088 premendo

378 1111 479 1176 isitius
501 1113 644 1196 iniquum.

251 1262 266 1306 s
288 1245 419 1310 Auream
444 1247 582 1331 qnmqms
603 1245 846 1310 mediocritatem

292 1353 419 1437 Diligit,
438 1361 526 1418 tutus
546 1363 636 1419 caret
656 1355 789 1419 obsoleti

561 1550 670 1604 Carmen
695 1550 726 1603 x.

203 1651 388 1720 Argumentum
407 1654 483 1706 huius
503 1656 624 1710 carminis
642 1670 676 1706 ex
697 1669 730 1708 eo
749 1667 848 1722 genere
868 1659 908 1704 est
934 1650 1002 1719 qnod
1031 1649 1190 1717 frequentis-

112 1719 192 1772 simum
218 1724 286 1790 apud
315 1724 384 1776 hunc
409 1734 532 1792 poetam;
559 1728 645 1793 agitur
672 1725 740 1776 enim
764 1726 856 1775 itemm
874 1722 907 1774 dc
928 1722 1086 1773 continentia
1102 1720 1190 1784 animi,

111 1790 134 1839 in
149 1807 196 1860 qna
212 1803 333 1860 quantam
351 1795 398 1847 ille
415 1797 513 1865 ingenii
535 1796 678 1850 ubertatem
694 1795 844 1862 probaverit
860 1795 928 1845 insta
946 1793 1115 1860 admiratione
1133 1806 1191 1841 am-

112 1860 244 1927 plectimur.
280 1866 372 1917 Graeci
391 1868 441 1918 iam
459 1866 610 1935 philosophi
631 1875 775 1920 statuerunt
799 1865 889 1939 μηδὲν
908 1864 985 1934 ἄγαν
1002 1862 1046 1914 vel
1065 1864 1079 1918 d
1100 1865 1190 1934 μέσος

111 1936 163 1997 titur
176 1938 331 2001 pitaram,-
350 1938 459 1990 eandem
478 1938 620 1991 doctrinam
635 1939 680 1990 sic
702 1944 795 1988 tractat
811 1937 940 1999 llorutius,
958 1944 987 1987 ut
1003 1949 1106 1986 carmen
1125 1947 1191 2000 ape·

112 2003 153 2053 riat
168 2005 282 2074 viamque
301 2009 351 2059 sibi
370 2010 470 2060 muniat
486 2009 616 2077 frequenti
635 2009 682 2060 illa
702 2008 838 2076 allegoria,
853 2023 904 2074 qua
926 2006 1037 2057 humana
1058 2006 1111 2056 vita
1131 2018 1190 2054 cum

114 2075 272 2144 nauigatione
286 2088 468 2145 comparatur;
487 2089 540 2132 tum
561 2086 739 2148 argumentum
758 2082 834 2146 ponit
849 2081 901 2130 v.5
921 2092 974 2129 non
991 2075 1060 2127 nude
1074 2083 1121 2127 aut
1133 2076 1192 2126 exi-

113 2143 172 2208 llltt,
189 2146 232 2204 tad
252 2152 358 2216 postico
378 2159 471 2203 ornatu
490 2152 565 2219 qnasi
584 2152 715 2204 vestitum.
750 2150 815 2203 llam
834 2147 904 2218 quod
924 2147 988 2200 dicit
1006 2147 1057 2199 hoc
1068 2152 1115 2198 ast
1132 2161 1158 2198 r.
1175 2145 1193 2198 5

113 2216 171 2269 ῖ-8ι
187 2220 243 2285 „qni
263 2236 368 2274 auream
386 2223 591 2274 mediocritatem
609 2222 704 2290 diligit,
723 2223 745 2273 is
763 2221 831 2274 liber
851 2228 892 2272 est
909 2218 942 2270 ab
960 2219 1086 2271 extremis
1103 2217 1194 2278 vitiis3

114 2288 167 2340 ritis
175 2299 265 2341 -antern
286 2291 338 2342 dno
360 2301 429 2356 sunt,
449 2301 476 2345 et
494 2295 561 2345 iusto
583 2295 684 2346 minora
704 2302 731 2345 et
750 2294 818 2344 iusto
838 2293 960 2343 maiorm
996 2288 1134 2342 llludcnm
1147 2302 1195 2354 per

114 2371 139 2407 tt
156 2368 242 2424 pateat,
260 2361 312 2413 doc
330 2363 400 2431 qnod
414 2366 540 2418 ,vitiosum
563 2380 614 2416 non
634 2379 725 2416 omnes
737 2364 886 2429 intelligant
897 2361 979 2413 tribus
997 2358 1124 2428 exemplis
1135 2372 1161 2409 v.
1175 2356 1193 2408 9

114 2430 171 2481 -12
188 2430 338 2485 iliustretur.
375 2433 429 2486 lam
447 2451 526 2487 versu
543 2437 575 2486 ta
592 2438 713 2502 superior
731 2449 791 2502 pars
807 2434 943 2496 carminis,
961 2430 1030 2499 quod
1049 2438 1131 2481 totana
1150 2429 1194 2478 vi·

115 2500 304 2568 automatum
322 2503 401 2556 habet
418 2521 525 2568 versus,
544 2506 620 2558 linem
640 2506 735 2573 habet3
752 2505 835 2557 alteru
853 2519 929 2570 pars,
947 2501 1084 2554 duodecim
1102 2499 1195 2551 eadem

116 2583 193 2622 remus
211 2574 400 2641 complectens,
418 2577 451 2628 de
469 2577 520 2630 alia
539 2578 643 2644 quidem
654 2580 750 2629 virmtc
764 2577 821 2643 agit
835 2574 882 2626 sed
901 2587 933 2624 ea
952 2581 1063 2641 cognata
1083 2579 1195 2638 atquae

116 2642 201 2696 udices
221 2648 297 2712 qnasi
316 2654 377 2714 agat
394 2650 420 2698 ln
437 2649 624 2701 mediocritate.
661 2649 711 2713 Qui
726 2647 851 2701 mediocri
870 2659 955 2696 rerum
975 2643 1130 2696 condicione
1151 2646 1193 2691 est

115 2720 243 2778 mutentur,
261 2718 283 2768 is
306 2717 338 2768 ad
356 2733 537 2787 quamcunque
554 2719 675 2771 fortunae
693 2716 899 2772 meusimdinem
919 2722 1023 2782 paratus
1047 2721 1096 2764 est
1122 2712 1196 2775 Quae

113 2796 149 2833 ras
166 2786 201 2835 sic
219 2786 371 2840 illustratur.
404 2789 468 2856 „Cui
490 2790 523 2842 de
538 2792 697 2857 praestantia
718 2789 902 2841 mediocritatis
920 2800 1072 2852 persuasum
1090 2791 1147 2847 est,
1170 2783 1193 2832 is

113 2855 290 2910 cenadiensis
309 2859 387 2914 relius
405 2862 503 2924 udalr,
524 2870 613 2928 sperat
631 2861 778 2924 secundas;
796 2876 854 2911 cum
874 2857 1016 2920 secundis,
1032 2855 1125 2906 metmt
1144 2852 1194 2904 ad·

113 2936 206 2990 renas,
224 2943 312 2998 neque
335 2946 445 2998 unquam
463 2932 549 2983 subita
566 2947 652 2984 rerum
668 2933 811 2983 mutatione
837 2930 990 2997 opprimitur
1021 2941 1080 2976 cnm
1108 2924 1195 2976 omnia

113 2992 192 3048 itlttc
210 3007 276 3052 tarra
300 3001 433 3054 mutabilia
453 3018 513 3054 esse
530 3004 621 3055 sciat“
639 3002 691 3055 Sed
708 3001 829 3069 exemplo
841 3016 873 3053 ex
891 3006 1077 3049 naturarerum
1089 3002 1192 3059 sumpto

115 3068 240 3121 ostenditur
259 3083 317 3137 (ev.
342 3073 383 3127 15.
406 3073 468 3139 16),
489 3089 523 3125 ne
541 3075 619 3125 vitam
640 3072 745 3141 quidem
766 3072 897 3124 hominnm
916 3068 1045 3119 continuis
1065 3063 1190 3133 procellis

115 3136 191 3201 *tilla
209 3152 246 3204 (a.
267 3142 333 3208 17);
352 3144 425 3195 cuius
442 3143 576 3196 doctrinae
594 3146 690 3196 veritas
713 3145 822 3212 egregie
842 3148 952 3209 augetur
970 3154 1013 3191 vv.
1029 3135 1133 3190 18-20
1151 3133 1193 3186 al·
1293 3181 1297 3188 .

115 3212 160 3258 tem
176 3211 300 3278 Apollinis
320 3215 450 3282 exemplo,
470 3218 514 3283 qui
531 3215 661 3268 interdum
677 3214 767 3268 hilaris
787 3230 818 3266 ac
830 3214 899 3264 mitis
917 3225 970 3262 non
989 3223 1092 3275 semper
1109 3207 1195 3274 pesti-¹

116 3273 186 3331 letum
204 3297 289 3335 arcum
309 3284 406 3335 tendat.
452 3283 574 3337 Extrema
595 3286 699 3355 stropha
714 3294 793 3354 poeta
809 3284 877 3336 redit
895 3283 1043 3350 adprimae
1063 3279 1195 3330 interioris

117 3351 183 3414 partis
198 3355 319 3422 strophae
339 3356 503 3420 sententiam,
524 3356 571 3408 sed
588 3358 623 3407 lta
644 3359 718 3422 redit,
737 3366 765 3408 ut
785 3358 899 3423 imagine
919 3368 1023 3422 quoque
1045 3352 1195 3418 navigatio„

116 3419 150 3469 uis
164 3423 248 3476 iterata
268 3426 301 3476 ad
320 3427 400 3477 totius
421 3428 541 3478 carminis
561 3429 661 3479 initium
679 3444 727 3495 per
741 3428 829 3479 orbem
848 3428 974 3478 reveniat.
1022 3422 1053 3472 ln
1081 3422 1196 3472 carmine

115 3487 212 3544 observa
228 3504 370 3563 praecepta
396 3505 422 3549 et
446 3497 566 3565 exempla
590 3507 662 3549 certo
680 3499 770 3550 ordine
790 3499 857 3548 inter
874 3512 904 3547 se
925 3495 1062 3560 excipere3
1090 3490 1194 3542 dicendi

115 3572 185 3625 genas
201 3567 232 3617 ad
251 3584 305 3618 rem
327 3569 565 3633 accommodatum,
593 3568 724 3636 placidum
744 3577 770 3620 et
787 3565 962 3635 tranquillum.
1010 3563 1042 3613 A.
1061 3561 1197 3613 Terentius

115 3629 183 3686 litte
196 3635 308 3701 Murena,
330 3639 406 3689 etiam
427 3639 540 3691 Licinius
557 3640 664 3692 lllurena
686 3640 778 3701 dictus,
797 3637 865 3688 lilius
885 3636 967 3687 luisse
986 3631 1088 3684 videtur
1107 3632 1135 3681 L.
1148 3630 1194 3682 Li-

115 3700 167 3754 cinii
183 3706 322 3772 Murenae,
353 3710 426 3760 cuius
446 3726 549 3762 causam
570 3709 663 3763 Cicero
683 3718 780 3778 egerat
829 3709 877 3759 llic
901 3722 958 3756 cnm
978 3701 1055 3754 bellis
1073 3700 1195 3753 civilibus

115 3780 208 3837 llltma
222 3778 289 3831 bona
308 3780 447 3846 arrisisset,
465 3797 588 3833 summam
602 3781 686 3833 fratris
708 3779 764 3852 (vel
784 3780 869 3830 {ratris
888 3773 1022 3844 patruelis,
1042 3779 1070 3824 ut
1087 3770 1131 3822 alii
1144 3787 1196 3839 pu-

115 3847 172 3913 tant)
189 3847 317 3902 l'roculeii
337 3851 411 3920 (vida
428 3851 512 3904 Germ.
534 3853 567 3914 ll,
588 3854 613 3917 2,
633 3854 663 3921 5)
696 3849 906 3903 benevolentiam
922 3852 1044 3912 expertus
1063 3850 1110 3894 est
1155 3840 1196 3893 Ab

116 3911 219 3983 Augusto
235 3922 324 3989 magni
355 3923 504 3975 aestimatus
531 3921 659 3978 Salasslos
680 3924 707 3973 in
726 3921 838 3989 Alpibus
857 3918 1001 3970 habitantes
1020 3914 1154 3981 superavit
1171 3918 1198 3964 et

116 3997 136 4033 a
154 3986 197 4039 tat
218 3992 307 4043 consul
329 4001 431 4045 creatus
449 4001 499 4045 est.
547 3996 622 4045 Anno
652 4001 738 4046 autem
756 3992 905 4060 insequenti
932 3990 995 4039 inita
1020 4001 1078 4035 cum
1097 3983 1197 4041 Fannio

117 4050 235 4124 Caepione
254 4064 436 4116 coniuratione
455 4064 548 4132 capitis
566 4064 699 4117 damnatus
721 4072 767 4116 est.
787 4094 819 4104 -
840 4063 897 4126 Quo
918 4072 987 4112 anuo
1005 4071 1109 4108 carmen
1129 4055 1196 4107 sorl-

116 4131 175 4189 pltttn
194 4133 226 4183 sit
243 4132 295 4184 dict
314 4135 413 4202 nequit.

176 4225 204 4276 V·
223 4230 246 4278 1·
281 4231 400 4300 metuo]
423 4232 542 4299 quamsi
563 4231 716 4282 contrarium
736 4231 861 4280 rationem
879 4226 1006 4293 sequaris.
1027 4254 1062 4265 -
1090 4225 1197 4275 naniam

116 4298 251 4367 Μαάθ]
272 4301 316 4352 Sic
336 4300 520 4369 coniungenda
538 4298 742 4353 esse'vocabnla
762 4313 868 4350 caesura
889 4298 1055 4350 ostendit-
1070 4293 1194 4365 impiatae}

117 4373 210 4430 propia
226 4369 294 4428 vada
311 4380 338 4423 et
355 4374 487 4439 scopulos.
524 4403 559 4414 -
595 4372 672 4445 tutes]
695 4371 723 4422 ln
741 4371 791 4422 hoc
809 4368 939 4420 adiectivo
960 4377 987 4419 et
1005 4370 1031 4419 in
1049 4366 1132 4417 altero
1152 4380 1197 4416 so-

39 4495 40 4504 ,
118 4428 175 4502 irim
193 4455 290 4493 tamma
306 4444 452 4500 sanmntiae
470 4443 510 4496 vis
530 4444 615 4510 positu
635 4452 690 4503 est;
705 4456 762 4492 uam
784 4439 917 4492 haecsnnt
935 4455 1002 4508 qnae
1020 4435 1198 4490 mediocritate

39 4517 40 4538 ¹
118 4513 235 4578 panum,
253 4517 281 4565 ct
299 4513 369 4582 qnod
388 4515 437 4568 tuti
457 4530 545 4572 tumus
563 4529 580 4567 a
598 4511 726 4567 molestiis
748 4513 853 4579 inopiae
871 4519 897 4563 et
916 4509 986 4579 quod
1004 4524 1057 4561 non
1075 4505 1198 4574 superbi-
