3117 5042
654 431 658 436 .
748 375 1027 446 cunutuutt

489 569 520 616 to
539 552 717 619 &nuoret
739 555 831 628 linior
851 558 980 622 nieoror
1000 559 1147 623 tmutns

541 661 654 726 Mentis
677 670 708 725 et
729 662 830 727 curos
852 666 998 748 laqueets
1020 666 1135 730 eireum

623 773 722 835 'lectu
743 773 895 837 volantes.

544 904 666 967 Vivitur
685 923 784 987 parvo
807 905 894 983 bene,
917 906 965 969 eui
987 913 1148 989 peternrrn

540 1011 693 1094 Splendet
715 1013 747 1076 iu
768 1032 876 1077 mensu
896 1014 980 1077 tenui
1000 1014 1132 1079 solinum

491 1139 518 1182 rs
539 1121 602 1184 Nec
622 1121 709 1184 leves
730 1139 853 1184 somnos
874 1121 965 1185 timor
984 1129 1038 1185 sut
1061 1123 1170 1205 cupido

625 1228 777 1292 Sordidus
797 1230 908 1292 auten.

538 1361 616 1439 Quid
641 1360 729 1425 breui
750 1362 849 1424 fortes
870 1361 1041 1424 iaculamur
1062 1377 1141 1423 sevo

538 1469 661 1533 Mults?
696 1468 773 1546 putu
793 1475 896 1532 terres
919 1468 983 1532 slio
1004 1468 1141 1530 colentes

538 1576 615 1640 Sole
632 1578 812 1640 mutemusl
847 1575 973 1640 Patriae
994 1573 1062 1656 quis
1085 1573 1174 1637 exsul

484 1702 515 1749 no
619 1684 663 1749 Se
680 1701 802 1770 proque
821 1685 926 1767 lugiet

534 1815 665 1882 Sesndit
685 1826 811 1884 uerutus
833 1819 945 1886 vitiosa
966 1835 1063 1882 mres

537 1926 622 1992 Coro
641 1946 699 1991 uec
719 1934 839 1992 urnas
856 1927 990 2010 equitum
1010 1924 1156 2009 relinquit

482 2045 487 2054 “
536 2037 629 2098 (lnior
652 2036 754 2099 cervis
775 2041 938 2119 retegente
959 2034 1080 2098 nimbos
1103 2099 1107 2108 ,

536 2215 541 2225 ,
630 2142 723 2206 tleior
745 2144 841 2208 Euro.

335 2270 405 2321 uiam
427 2269 544 2323 homines
563 2271 666 2339 quidem
686 2271 818 2324 obstantes
840 2288 855 2323 o
874 2269 1008 2323 lictoribus
1026 2275 1236 2332 summoventur,
1262 2270 1370 2320 minime
1390 2283 1439 2320 cn-

339 2357 384 2393 ruo
402 2342 429 2391 in
448 2343 534 2393 auimo
555 2341 711 2395 bubituntes.
751 2375 787 2386 -
837 2343 961 2410 laqueato
979 2349 1056 2407 tecta]
1083 2355 1135 2392 non
1153 2341 1232 2391 totius
1252 2339 1361 2404 domus,
1394 2339 1438 2390 sed
1533 2389 1534 2408 ,

338 2411 515 2464 cubiculorum
535 2420 561 2463 et
582 2414 767 2478 tricliniorum
786 2414 818 2465 de
835 2430 943 2482 quorum
964 2421 1055 2463 ornotu
1075 2410 1140 2463 brec
1158 2410 1218 2476 lege
1230 2410 1341 2461 Beckeri
1359 2410 1439 2480 (Gal-
1533 2413 1534 2460 l

337 2481 379 2534 lus
403 2483 431 2535 Τ.
451 2482 473 2537 Ι.
499 2498 524 2554 p.
543 2482 578 2536 98
590 2487 657 2553 sq.):
693 2485 757 2548 „ilie
785 2484 891 2536 Decltcn
918 2483 977 2554 (der
994 2483 1118 2549 Zimrner)
1147 2480 1255 2533 wurden
1281 2481 1437 2550 euiduglicb

338 2571 388 2604 nur
405 2554 485 2605 durch
505 2554 570 2605 diter
591 2556 633 2607 die
651 2555 750 2608 bultten
769 2551 876 2624 gelegte
893 2554 994 2606 Brettcr
1012 2553 1135 2622 gebildet.
1180 2552 1225 2605 Um
1247 2551 1325 2603 ihnen
1345 2552 1438 2603 indess

340 2626 382 2675 cin
400 2625 566 2677 zierlicbcres
585 2627 708 2677 Anscben
727 2643 758 2677 zu
778 2625 883 2694 geben,
907 2625 1010 2677 macbte
1036 2640 1094 2675 men
1115 2622 1256 2691 gleichsam
1275 2624 1353 2675 einen
1374 2624 1440 2675 uon

340 2711 391 2745 vcu
409 2694 516 2760 Bnllten,
535 2712 565 2747 so
578 2697 637 2749 dass
649 2696 771 2749 vertieite
788 2697 882 2750 Feldcr
899 2695 1062 2759 cursuuden,
1083 2694 1164 2757 lucus,
1183 2693 1297 2759 lacunar,
1318 2693 1439 2762 laquear.
1532 2741 1533 2756 ,

340 2767 419 2816 llicse
438 2765 596 2819 Lucuuerieu
619 2768 745 2820 erbiclten
767 2768 969 2836 menniglucbeu
989 2764 1119 2820 Schmucls
1136 2766 1162 2816 in
1175 2766 1279 2830 Stucco,
1297 2764 1350 2815 und
1362 2781 1439 2816 wur-
1532 2781 1533 2796 ³

340 2835 390 2888 den
411 2836 476 2888 erich
498 2839 549 2889 wie
571 2840 596 2889 iu
609 2838 732 2907 Tempeln
752 2839 890 2907 vergoldet
908 2838 1016 2890 undmit
1028 2834 1323 2903 Ellenbeinausgclegt.
1345 2834 1438 2887 Nuch-
1532 2857 1533 2860 ¹

339 2907 387 2958 lter
408 2905 569 2960 vcrkleidete
588 2925 647 2961 mun
663 2910 730 2960 auch
749 2910 793 2961 die
810 2909 918 2973 Fclder,
940 2908 991 2960 und
1012 2906 1089 2959 multe
1110 2907 1152 2958 die
1169 2907 1282 2958 nectes
1322 2904 1356 2957 ci.
1382 2907 1438 2959 Cic.
1531 2969 1532 2972 Ἴ

339 2977 372 3028 de
382 2977 453 3046 legg.
472 2979 504 3044 ll,
518 2983 545 3030 l:
566 2981 783 3049 „liugnilicssqus
801 2980 878 3032 villus
899 2989 925 3032 ct
942 2980 1090 3047 pavimenta
1107 2992 1250 3028 murmures
1268 2986 1295 3028 et
1313 2977 1438 3044 luqucstr

339 3057 409 3100 tectu
428 3057 591 3102 contemno!t
618 3082 652 3092 -
688 3054 795 3122 circum]
815 3052 914 3103 Tmesis
942 3080 976 3092 -
1018 3049 1213 3117 liniturpnroo
1232 3049 1303 3109 benc,
1323 3049 1381 3118 cur]
1402 3048 1440 3099 Ex

340 3120 428 3170 dativo
447 3122 490 3171 coi
507 3121 539 3172 od
558 3123 653 3172 oioitrrr
670 3122 777 3172 verbum
797 3121 954 3173 eliciendum
974 3121 1019 3184 si,-
1045 3119 1140 3171 delude
1166 3120 1209 3170 cri
1227 3133 1279 3169 non
1299 3133 1387 3186 turgis
1409 3119 1440 3169 sd

337 3190 454 3256 splendet
473 3191 636 3242 referendum
656 3207 731 3259 quem
752 3192 784 3242 ttd
804 3197 910 3260 aufem
940 3190 965 3242 id
987 3190 1056 3258 quod
1080 3197 1170 3257 operte
1189 3188 1335 3240 ostenditur
1353 3191 1440 3256 parti-

336 3259 399 3311 cule
417 3275 473 3312 nee.
522 3261 683 3313 Describitur
712 3271 797 3314 autem
820 3266 842 3316 is
863 3266 907 3330 qui
928 3263 1018 3331 prucis
1036 3277 1103 3328 quae
1121 3260 1200 3314 hebet
1225 3268 1267 3310 est
1287 3268 1440 3311 contentus.

334 3330 432 3380 Selino
450 3332 519 3381 euim
540 3340 565 3382 et
584 3334 656 3383 unni
673 3351 765 3387 merua>
780 3347 811 3384 en
830 3334 1008 3400 significentur
1022 3345 1088 3398 quae
1103 3331 1251 3381 necessaria
1264 3340 1325 3382 sunt
1335 3339 1439 3382 remoto
1531 3331 1532 3346 ¹

338 3402 409 3451 omui
427 3399 490 3452 luxu
510 3411 647 3470 apparatus
668 3414 694 3455 et
710 3405 940 3458 condimentorum.
966 3404 1000 3453 cl.
1020 3405 1072 3453 Sul.
1092 3402 1112 3465 Ι,
1130 3399 1211 3465 3,13.
1232 3432 1257 3443 -
1299 3402 1427 3471 Splendet

336 3473 357 3522 i.
381 3488 404 3522 e.
424 3475 536 3539 pretium
554 3474 644 3537 bubet3
674 3491 731 3526 num
750 3475 819 3542 quod
838 3477 948 3542 pretium
966 3473 1044 3525 hebet
1065 3474 1139 3541 quusi
1159 3471 1296 3538 splendet,
1324 3481 1351 3523 et
1368 3490 1404 3540 qu

335 3541 462 3610 splendet
470 3544 540 3596 solet
558 3548 644 3612 magni
655 3548 795 3598 aestimari.
815 3546 1042 3608 ci.Curm.ll,2,4.
1064 3573 1097 3583 -
1116 3543 1184 3594 lenes
1201 3548 1311 3612 somnos]
1333 3543 1440 3594 vidend

335 3612 424 3665 ‘Germ
443 3614 476 3674 ΙΙ,
497 3617 538 3676 11,
559 3616 585 3668 8.
604 3646 640 3659 -
666 3620 742 3668 timor
761 3624 807 3667 cot
827 3618 929 3684 cupido}
951 3614 1037 3666 solent
1056 3614 1120 3664 lruec
1139 3615 1278 3666 coniuncte
1295 3629 1356 3664 esse
1380 3630 1440 3665 enm

338 3686 442 3752 mugnis
462 3686 569 3748 diuitiis,
589 3688 665 3737 timor
682 3704 715 3738 ne
733 3688 883 3738 auferuntur
900 3701 973 3752 opes,
993 3685 1087 3751 cupido
1105 3684 1147 3734 vel
1159 3685 1287 3752 cupiditas
1304 3693 1333 3735 ut
1352 3699 1440 3752 ruge·

337 3763 424 3809 untur.
451 3785 486 3799 -
508 3757 638 3809 Sordidus
678 3758 779 3824 cupito
798 3757 865 3824 opud
885 3758 1016 3808 Horatium
1038 3755 1182 3806 masculino
1199 3771 1303 3822 semper
1322 3770 1441 3820 genuere:

337 3823 427 3876 Corui.
443 3826 492 3890 ΙΙΙ,
515 3827 556 3890 16,
572 3827 615 3879 39.
633 3761 678 3890 il,
697 3827 741 3890 14,
760 3829 804 3880 51.
823 3830 875 3881 Set
897 3828 917 3892 1,
938 3830 961 3891 1,
978 3829 1021 3880 61.
1047 3825 1129 3892 Epist.
1149 3826 1169 3889 Ι,
1191 3827 1214 3890 t,
1231 3827 1276 3878 33.
1315 3826 1441 3878 Ceterum

336 3896 403 3946 uide
421 3897 454 3947 nd
471 3896 555 3964 Germ.
574 3900 596 3961 Ι,
613 3899 656 3949 28.
675 3915 700 3965 p,
719 3900 764 3950 83.

415 3983 443 4033 V.
468 3983 507 4035 17.
532 3987 623 4054 fortes]
652 3987 669 4037 i.
693 4000 716 4039 e.
738 3986 806 4036 omni
824 3985 915 4036 virium
935 3986 1123 4046 contentione,
1153 3999 1204 4051 qun
1223 3983 1254 4033 sd
1273 3981 1441 4050 colligendus

336 4069 383 4107 res
401 4068 466 4119 opus
488 4056 684 4118 consumetur,
706 4071 762 4106 curn
784 4059 866 4106 simus
887 4057 1003 4106 hominos
1024 4054 1223 4160 ὀλιζοχρόνιοι
1243 4053 1329 4121 (breui
1349 4059 1441 4120 nero).

347 4154 375 4165 -
394 4132 519 4175 tundamus
552 4125 612 4176 ride
631 4126 661 4175 ed
685 4126 809 4188 Carini,
832 4125 871 4190 17,
898 4131 919 4176 l.
941 4125 973 4177 cl'.
996 4124 1029 4188 ΙΙ,
1052 4125 1153 4187 1323.
1175 4125 1219 4189 ΙΙΙ,
1243 4128 1265 4186 Ι,
1283 4124 1328 4175 tu.
1355 4124 1439 4191 Epod.

336 4191 368 4256 9,
387 4194 429 4245 28.
450 4195 501 4245 Sul.
534 4193 554 4258 Ι,
573 4196 598 4259 7,
620 4195 678 4248 109.
699 4197 781 4264 Epist.
804 4197 824 4258 Ι,
845 4198 869 4259 7,
879 4196 921 4249 36.
945 4230 976 4241 -
997 4197 1102 4264 patriae
1121 4195 1202 4266 emt]
1223 4194 1298 4246 ovid.
1321 4194 1381 4246 lter.
1396 4194 1441 4254 tx,

339 4263 412 4316 409:
434 4264 522 4328 „exsul
545 4269 690 4335 mentisque
706 4267 874 4334 domusque.“
892 4267 925 4318 cl.
948 4267 1009 4318 ibid.
1023 4267 1067 4331 vt,
1079 4265 1142 4326 1893
1161 4282 1247 4332 neque
1269 4265 1335 4315 lracc
1353 4266 1440 4315 alicua

337 4343 402 4386 sunt
420 4348 435 4384 u
454 4336 479 4386 vi
495 4344 522 4387 et
539 4345 631 4388 nature
650 4339 769 4403 genitivi,
788 4339 929 4405 praecipue
942 4339 1039 4406 graeci.
1060 4367 1092 4379 -
1113 4341 1149 4406 se]
1171 4352 1229 4386 cum
1248 4338 1301 4387 suis
1325 4338 1393 4387 curis
1415 4344 1441 4385 et

336 4405 533 4471 cupiditatibus,
552 4422 615 4472 quus
637 4424 725 4458 secum
745 4408 822 4459 liubet
840 4408 943 4475 ultique.
981 4411 1024 4459 Sic
1044 4406 1142 4457 accedit
1162 4409 1304 4472 insequens
1322 4405 1439 4471 stropha.

333 4505 376 4518 ω-
410 4485 516 4529 acratas
534 4482 623 4546 norm}
658 4478 901 4530 Sirnillimnslocns
921 4488 962 4530 est
980 4481 1065 4532 curm.
1085 4477 1130 4542 tlt,
1154 4480 1174 4542 t,
1194 4478 1228 4528 37
1239 4493 1296 4544 sqq.
1334 4477 1440 4527 rin'st.
