3117 5042
589 414 592 422 .
704 380 1072 447 aristotelios!

737 580 955 684 Epistola
980 585 1037 657 ili.

420 751 478 814 lull
501 750 614 825 Flore,
633 750 742 833 qubus
763 758 918 814 terrarum
941 751 1051 813 militet
1071 751 1137 812 oris

317 900 320 904 -
419 858 567 923 Claudius
589 859 721 940 Augusti
742 858 1005 940 privignussctre
1025 859 1146 921 leboro.

419 967 585 1031 Thracane
607 985 663 1029 vos
684 967 863 1050 Hebrusque
885 967 981 1031 nivali
1001 966 1147 1047 compede
1169 964 1291 1043 viueurs

420 1074 468 1137 An
492 1076 573 1137 treta
595 1074 814 1151 vicinasjnter
836 1073 995 1165 currentis
1017 1082 1118 1137 turres

379 1200 393 1243 t
414 1182 463 1244 An
484 1182 615 1264 pingues
631 1182 726 1246 Asiae
744 1183 845 1263 compi
867 1184 1023 1265 collesque
1046 1182 1232 1243 ntoruoturl

416 1293 494 1369 Quid
515 1291 657 1355 studiose
678 1292 790 1357 cohors
811 1310 938 1375 operum
954 1284 1068 1361 struiti
1090 1290 1148 1353 boc
1169 1304 1293 1373 quoque
1317 1308 1395 1352 erro.

767 1468 942 1537 Epistola
963 1469 1022 1539 lli.-

425 1570 542 1624 i'lberius
570 1566 694 1625 Claudius
712 1573 781 1626 llero
802 1588 860 1625 curn
878 1588 947 1625 anuo
965 1573 1018 1625 tto
1038 1573 1069 1624 ad
1089 1571 1226 1640 Tigranem
1247 1571 1276 1621 in
1293 1570 1425 1621 Armenias

336 1656 445 1709 regnunt
463 1643 643 1697 deducendum
671 1659 729 1696 curn
757 1646 875 1697 exercitu
893 1646 920 1697 in
938 1647 1065 1699 orientem
1083 1644 1116 1694 sb
1141 1646 1262 1709 Anguem
1279 1644 1425 1704 mitteretur,

336 1721 365 1762 ut
384 1714 442 1780 ipse
460 1714 550 1766 doctus
568 1723 623 1766 erut
641 1716 677 1766 ite
696 1717 723 1766 in
740 1715 848 1767 cohorte
867 1717 987 1766 comitum
1017 1731 1068 1767 non
1091 1729 1188 1782 paucos
1216 1727 1308 1763 secum
1329 1710 1425 1762 duxisse

336 1781 438 1834 ridetur
456 1786 565 1836 iuvenes
585 1787 628 1853 qui
649 1784 792 1838 litterarum
810 1801 898 1837 amore
916 1788 985 1852 copti
1007 1785 1069 1854 quid
1086 1787 1139 1835 suis
1155 1785 1203 1851 ipsi
1214 1782 1315 1834 viribus
1328 1790 1426 1848 possent

336 1852 444 1905 ellicere
471 1858 576 1923 suepius
599 1865 737 1910 tentarent.
787 1856 825 1908 Er
850 1857 900 1908 boe
917 1872 1024 1909 numero
1043 1857 1092 1907 luit
1109 1854 1189 1909 lulius
1207 1851 1426 1921 procurtores,

337 1926 472 1976 satirarum
491 1928 610 1992 scriptor,
630 1929 652 1979 si
672 1925 735 1989 lidos
752 1927 869 1979 babendo
888 1936 927 1978 est
945 1926 1115 1994 Porphyrium
1131 1924 1299 1989 scholiastae,
1319 1932 1425 1974 cetero·

336 1995 450 2061 ignotus.
496 1996 593 2049 Rornae
612 2005 697 2057 nutem
718 2015 774 2049 curn
794 1999 915 2049 iioratius
934 2006 1032 2049 summa
1052 2000 1120 2049 iuter
1140 2005 1229 2064 poetas
1250 2001 1323 2046 esset
1340 2002 1425 2044 ιιιεω·

336 2065 422 2129 ritate,
440 2065 504 2117 nibil
522 2067 664 2120 mirandum
684 2078 725 2120 est
743 2069 813 2137 quod
831 2084 921 2120 omnes
940 2070 1049 2121 iuuenes
1069 2070 1112 2136 qui
1131 2070 1229 2120 inerte
1251 2066 1356 2133 poetica
1375 2063 1426 2114 ela·

336 2133 459 2187 bortrent
477 2139 533 2190 eius
552 2146 579 2189 et
599 2138 798 2191 familiaritatem
817 2139 975 2208 quaerebant
990 2149 1020 2201 et
1037 2139 1159 2189 iudicium
1179 2137 1211 2189 de
1229 2138 1284 2186 suls
1297 2134 1427 2186 conatibus

336 2209 424 2274 magni
442 2207 578 2260 hebebant
616 2210 703 2276 Atque
720 2210 817 2261 lloratii
838 2219 907 2262 unm
927 2210 975 2261 init
995 2224 1057 2261 cura
1075 2208 1211 2261 latinarum
1232 2207 1386 2268 litterarum,
1403 2213 1428 2255 nt
1513 2200 1522 2213 '

336 2293 389 2328 non
410 2294 536 2344 praesens
552 2278 637 2331 solurn
652 2279 739 2332 studlo
757 2284 912 2348 optimorum
931 2283 1054 2333 iuvenum
1071 2280 1175 2333 adesset
1192 2279 1239 2330 sed
1250 2280 1329 2329 etism
1340 2290 1427 2343 magno

337 2348 454 2400 iocorum
474 2350 612 2401 intervallo
635 2360 748 2402 rernotus
778 2351 888 2403 consilia
910 2367 998 2403 eorum
1020 2351 1091 2402 alere
1111 2354 1141 2402 'et
1165 2364 1258 2417 regere
1276 2364 1333 2399 non
1351 2348 1427 2398 vellet

338 2419 467 2472 desinere.
504 2422 531 2472 ld
553 2421 682 2489 quomodo
704 2423 752 2473 bac
771 2423 882 2489 epistole
901 2423 997 2474 lectum
1014 2424 1047 2473 sit
1075 2424 1133 2487 ipse
1151 2421 1260 2472 uidebis.
1307 2417 1428 2481 Quodsi

338 2489 442 2541 Florum
462 2494 621 2557 potissimum
639 2491 707 2543 banc
726 2493 864 2560 epistolam
876 2493 960 2558 dedit,
980 2501 1024 2543 sut
1047 2492 1143 2543 iactum
1164 2501 1204 2544 est
1223 2498 1339 2557 propter
1349 2490 1428 2540 nisio-

337 2576 391 2611 rem
410 2576 486 2627 quam
505 2579 563 2613 oum
582 2564 631 2613 boc
650 2564 745 2615 iuvene
764 2564 876 2615 babebat
893 2565 1031 2616 amicitiam
1049 2569 1120 2633 (nam
1140 2561 1365 2628 secundiquoque
1378 2560 1430 2611 iibri

336 2629 418 2683 ultera
439 2633 547 2699 epistola
566 2634 597 2684 sd
619 2635 728 2685 eundem
749 2637 917 2702 scriptam),
935 2643 979 2686 aut
997 2643 1103 2702 propter
1120 2634 1274 2692 simultates,
1293 2646 1360 2698 quas
1373 2630 1429 2680 Flo·

340 2717 396 2752 rnur
417 2718 474 2753 curn
493 2706 576 2754 amico
598 2712 673 2754 autes
693 2706 805 2756 liunetio
827 2706 949 2758 babuisse
967 2703 1180 2772 errersudlsq.
1199 2702 1334 2763 videmus;
1355 2702 1429 2752 nini·

340 2788 395 2823 rum
413 2780 442 2823 ut
459 2775 491 2824 sd
508 2772 700 2841 ‘componendus
720 2775 778 2828 lites
797 2779 863 2828 iuter
881 2779 979 2835 amieos
988 2776 1084 2843 aliquid
1099 2778 1156 2842 ipse
1166 2782 1345 2840 componeret.
1373 2772 1430 2824 b'sn

338 2842 389 2893 boc
407 2859 458 2894 non
476 2846 578 2896 videtur
597 2846 740 2914 probabile,
760 2847 830 2915 quod
853 2855 977 2899 tentatum
1004 2846 1082 2898 video
1106 2846 1138 2896 ab
1159 2843 1326 2911 elegentibus
1346 2843 1430 2893 burun

338 2930 423 2966 rerum
440 2914 588 2981 iudicibus,
614 2919 641 2967 in
662 2918 693 2969 iis
712 2918 884 2969 simultatibus
905 2934 980 2973 uoarn
998 2916 1170 2985 quaerendam
1188 2932 1248 2966 esse
1263 2928 1372 2964 causam
1389 2926 1430 2963 cur

340 2987 474 3052 scripserit
500 2996 577 3052 poeta
599 2987 749 3053 epistolum
774 2988 875 3056 reliqua
893 2989 978 3039 addita
998 3003 1059 3040 esse
1078 3003 1111 3039 eo
1130 2988 1293 3055 potissimum
1312 2983 1430 3045 consilio,

339 3063 368 3106 ut
387 3071 450 3106 vera
466 3071 544 3108 cansa
559 3057 657 3108 esliide
675 3067 817 3126 tegeretur.

410 3136 441 3193 tt,
464 3145 487 3193 1.
507 3144 595 3210 quibus
615 3146 679 3216 oris]
701 3147 773 3198 Inest
792 3148 820 3196 in
840 3145 887 3196 bac
905 3144 1015 3197 lormule
1036 3145 1108 3196 notio
1127 3143 1252 3211 quaedam
1270 3141 1324 3193 lori
1345 3141 1430 3193 incerti

341 3216 368 3294 et
387 3209 537 3280 longinqui3
552 3223 584 3296 ¹ut
601 3216 665 3282 virg
690 3216 755 3266 Aen·
770 3214 792 3279 1,
813 3217 875 3269 331.
902 3216 957 3267 Liv.
978 3216 1045 3278 xxi,
1063 3216 1102 3277 10,
1123 3216 1164 3266 12.
1183 3245 1225 3260 --
1249 3213 1363 3295 dosuisti
1376 3214 1432 3296 pri-

340 3282 1432 3421 iitstycm‘c'tituitoeiiirtl'iisnerimirirliiiitiuiirddiisutmunilliiiiouiiflssultipsitiidlil’iri'‘l'iiteriitiiiuiiit

341 3439 438 3475 rooeut.
469 3454 501 3467 -
544 3426 655 3495 Tirsos]
683 3426 722 3479 Ex
741 3427 857 3481 locorum
875 3428 966 3478 ordine
986 3427 1059 3477 vides
1077 3428 1197 3492 scriptam
1217 3440 1276 3501 esso
1297 3424 1430 3491 epistolam

341 3510 399 3545 cunt
419 3497 444 3546 in
464 3497 611 3548 Armeniam
629 3507 751 3565 pergeret
770 3502 908 3561 exercitus,
926 3514 977 3549 non
997 3514 1054 3548 cum
1073 3497 1186 3560 rediret,
1213 3494 1282 3563 quod
1302 3495 1374 3546 male
1390 3495 1430 3543 alii

341 3567 563 3690 ‘ttioitll
586 3568 1004 3691 {1⁶⁰lrtl'2'0lliilthtt
1022 3568 1283 3689 titilt'ltli'
1303 3565 1433 3688 iltis

343 3652 409 3759 itus.
442 3741 474 3753 -
511 3676 607 3781 turries]
628 3656 725 3773 „ilerus
747 3719 773 3760 et
793 3711 901 3762 Leandri
946 3656 1127 3763 lnteisestou
1146 3716 1172 3759 et
1191 3652 1307 3772 Abydos?
1325 3707 1433 3758 medis·

339 3787 382 3828 est
401 3778 562 3846 lleilesponti
582 3781 698 3832 fretum.“
732 3780 856 3850 Porpbyr.
879 3812 911 3822 -
929 3786 1074 3849 mantue]
1097 3778 1295 3830 amoenitatibus
1317 3781 1372 3828 suis
1391 3791 1434 3826 eos

339 3855 453 3915 tenent„
478 3851 705 3903 Accommoduturu
730 3852 937 3919 igiturverbunt
956 3851 986 3902 ad
1006 3854 1085 3905 Asine
1102 3865 1225 3916 compos,
1251 3848 1321 3899 unde
1348 3851 1369 3899 si
1388 3862 1434 3898 ue·

309 3981 312 3987 ,
342 3921 485 3971 cessarium
506 3920 651 3985 uidebitur,
678 3922 757 3973 iucile
784 3925 902 3974 invenies
927 3921 996 3989 quod
1017 3938 1075 3973 cunt
1099 3921 1184 3972 liebro
1212 3926 1240 3969 et
1264 3919 1432 3985 Hellesponto

338 3992 484 4059 coniungas
505 3991 574 4042 uliud
592 4000 618 4043 et
637 3992 786 4060 generalius
803 3993 918 4045 verbum.
957 4022 991 4033 -
1032 3993 1155 4061 sudosa]
1190 3989 1244 4040 lloc
1269 3990 1433 4049 adiectirum,

338 4062 412 4128 quod
430 4077 445 4111 a
463 4061 591 4114 Cicerone
609 4063 720 4131 eliisque
739 4064 814 4114 bortis
842 4063 1009 4130 scriptoribus
1037 4078 1089 4113 non
1118 4069 1254 4127 usurpatur
1280 4063 1331 4112 nisi
1351 4060 1433 4111 addito

339 4133 469 4197 genitivo,
487 4148 540 4200 quo
560 4149 626 4202 vaga
646 4135 715 4185 iliius
735 4137 807 4185 notio
828 4137 906 4185 certis
924 4130 1296 4193 limitibuscircumscributur,
1317 4135 1433 4197 Augststo

341 4202 487 4268 imperante
501 4206 637 4256 certiorem
655 4204 870 4272 significationem
892 4214 993 4259 nectitur
1014 4213 1070 4267 est,
1089 4203 1179 4253 eudem
1203 4217 1308 4268 prorsus
1336 4203 1433 4253 ratione

338 4288 392 4340 qua
410 4274 494 4356 ipsum
513 4275 619 4357 verboru
636 4276 763 4327 studendi.
789 4276 914 4360 Quintil..
929 4276 984 4339 llil,
998 4277 1037 4339 li,
1058 4273 1105 4358 lii:
1125 4273 1324 4356 ‚,Goruputamus
1345 4286 1433 4371 annos,

341 4344 513 4465 tietb:
526 4345 733 4482 {blitiri
748 4348 1006 4468 tibitibi
1042 4340 1433 4479 {terribilissimi

342 4484 385 4532 nis
403 4483 535 4536 studiosus
553 4484 697 4555 alioquin.“
746 4487 811 4540 Piiu.
834 4489 915 4554 Epist
934 4487 976 4551 lli,
998 4487 1043 4549 to,
1068 4490 1096 4537 l:
1125 4485 1207 4552 ,ipso
1221 4486 1277 4536 erat
1295 4484 1434 4541 studiosus,
