3117 5042
433 404 523 474 niu
544 405 597 469 ili.
626 403 777 471 cultui.
801 403 927 467 xxvii.

341 585 478 652 Hadriae
499 583 572 647 noui
593 583 679 651 sinus
699 591 731 645 et
751 582 825 666 quid
841 581 938 646 ,altus

284 714 316 758 ao
421 694 530 756 Peceet
550 691 658 772 iapyx

337 860 486 925 Hostium»
498 877 613 922 uxores
634 857 783 941 puerique
804 875 913 920 caseos

313 969 487 1047 ‘Statiani‘
502 973 601 1029 molus
624 965 753 1028 orieruis
773 964 880 1027 Austri
902 968 934 1027 el
958 1008 962 1023 ,

334 1074 487 1158 Aeprmis
506 1074 590 1155 nigri
611 1073 764 1136 lreruitutn
786 1080 818 1134 et
839 1077 1004 1135 trementes

416 1170 554 1247 uetusta
577 1182 671 1263 ripas

285 1366 315 1412 as
337 1348 391 1417 Sin
414 1356 446 1413 et
466 1349 590 1429 Europe
611 1348 732 1413 nunant
756 1347 866 1409 doloso

333 1454 471 1529 Credidit
491 1463 582 1533 tauro
603 1456 685 1518 latus
707 1462 739 1518 et
757 1460 926 1519 scatentem

331 1563 436 1629 uernis
455 1571 581 1647 pontum
602 1563 779 1646 mediasque
798 1562 926 1627 {nudes

417 1672 532 1737 Pallriit
551 1672 664 1738 audax.

332 1836 436 1916 Nuper
457 1835 490 1898 in
512 1836 611 1916 pratis
632 1835 772 1899 studiosa
795 1833 903 1899 llorunr
923 1841 955 1897 et

283 1960 315 2007 no
333 1943 461 2008 liabitas
482 1942 630 2025 Nymphis
654 1944 761 2025 opilex
780 1962 916 2007 coronae
986 1962 990 1971 ·

328 2048 425 2115 Nocte
445 2051 594 2117 sublustri
615 2051 693 2115 nihii
714 2057 803 2116 astra
825 2056 951 2138 praeter

414 2159 501 2225 Vidit
518 2166 549 2222 et
568 2159 676 2225 undas.

330 2327 416 2402 Quae
435 2326 525 2389 simul
547 2322 668 2388 centurn
691 2324 796 2408 tetigit
816 2331 972 2408 potentem

328 2434 456 2515 (lppidis
477 2434 616 2527 Creten:
639 2435 754 2512 Pater,
774 2454 794 2495 o
817 2429 956 2496 relictum

275 2559 307 2604 as
327 2542 426 2606 Filiae
444 2536 744 2626 nonienpietasque‚
766 2541 856 2620 dixit,

410 2650 507 2720 vina.
522 2650 648 2715 lurore!

326 2813 414 2883 Unde
436 2834 496 2905 quo
517 2815 608 2879 venit
649 2815 743 2883 Leuis
763 2834 824 2878 uua
841 2833 924 2878 mors
943 2820 990 2877 est

325 2924 488 3006 virginum
508 2924 629 3006 culpae.
672 2925 856 3006 vigilansne
874 2923 966 3005 ploro

116 3077 213 3145 vergit
232 3076 315 3130 Orion
332 3077 365 3128 ad
384 3093 505 3131 oceasum
525 3094 549 3130 a.
570 3079 595 3132 d.
613 3080 643 3132 V.
663 3079 700 3131 ld.
718 3076 859 3131 Novembr.
887 3108 933 3121 -—
950 3077 1024 3131 oldus
1043 3077 1140 3163 inponi
1158 3078 1220 3131 vids

117 3148 151 3199 ad
169 3148 259 3201 Carni.
278 3148 299 3213 l,
317 3149 342 3212 3,
359 3150 378 3199 4
396 3159 422 3201 et
443 3152 484 3202 14.
521 3172 553 3193 -s
589 3150 710 3220 boatium]
735 3150 776 3202 Ad
798 3148 864 3200 hane
882 3149 995 3203 hoedum
1013 3158 1221 3203 exsecrationem

115 3218 183 3286 lege
203 3219 290 3271 Carnu.
313 3220 500 3290 i‚21,13sqq.
531 3252 564 3263 -
592 3222 710 3291 uerbere]
731 3220 875 3289 Singularis
893 3222 993 3273 numeri
1014 3220 1091 3273 liuius
1107 3223 1219 3287 nominis

116 3292 230 3358 primns,
252 3291 353 3363 tertius,
370 3301 477 3359 quartus
496 3307 572 3347 casus
592 3293 697 3345 omuino
709 3308 762 3347 non
779 3293 955 3358 inveniuntur,
973 3292 1068 3361 reliqui
1082 3288 1220 3362 admodum

114 3376 196 3423 raro;
216 3362 350 3428 genitivus
369 3371 410 3413 est
429 3365 501 3429 apud
515 3362 668 3416 Ouid-idel.
688 3363 754 3427 xiv,
771 3362 834 3416 821.
854 3362 906 3417 Sed
923 3364 958 3415 el.
977 3363 1061 3430 Epod.
1082 3366 1125 3428 iu,
1139 3366 1165 3417 3.
1184 3393 1217 3407 -

115 3433 241 3502 Europe]
266 3433 339 3484 idom·
359 3433 389 3485 il.
411 3434 477 3498 xtv,
499 3434 560 3487 321.
573 3462 609 3480 -.
629 3433 708 3504 latro]
729 3435 833 3500 poetico
849 3449 897 3501 pro
916 3449 1037 3499 corpore,
1054 3448 1103 3499 per
1120 3449 1220 3499 synec-

115 3503 242 3565 dochen3
264 3512 293 3554 ut
312 3503 395 3556 Caum.
406 3505 475 3571 iii,
488 3503 567 3558 18...
578 3506 678 3556 aldios
694 3505 811 3571 fraudes]
832 3502 948 3570 pericula
967 3519 998 3554 ae
1016 3512 1130 3555 monstra
1148 3519 1220 3571 quau

114 3573 235 3625 medium
258 3589 329 3626 mare
349 3573 425 3641 celat,
443 3577 469 3631 in
489 3576 575 3630 littore
594 3575 720 3629 stantibus
739 3591 770 3629 ae
788 3590 859 3631 mare
876 3574 1036 3630 intuentihus
1056 3588 1108 3625 non
1129 3573 1216 3625 obvia.

113 3644 183 3696 Tum
201 3648 340 3713 egregium
361 3645 410 3698 hoo
424 3646 520 3716 pollicit
542 3646 648 3710 audax,
674 3647 771 3714 quippe
801 3660 852 3715 quo
872 3645 956 3699 subita
977 3653 1004 3696 et
1024 3659 1119 3710 magua
1139 3643 1223 3697 animi

114 3714 246 3783 Europae
263 3719 370 3768 mutatio
389 3720 481 3769 mirum
509 3718 657 3769 in-moduur
675 3732 728 3768 non
746 3718 898 3782 exprimitur
916 3715 963 3771 ssd
980 3716 1105 3788 pingitur.
1152 3713 1218 3767 ludo

115 3786 246 3841 consulto
261 3788 357 3855 palluit
379 3805 438 3840 curn
457 3790 616 3852 accusativo,
637 3796 665 3844 nt
685 3786 805 3854 Epistl,
819 3786 898 3851 3,1u.
916 3798 951 3830 -’-
971 3786 1080 3860 deditae}
1100 3800 1133 3836 en
1144 3793 1219 3841 uoto«

192 3875 224 3925 V.
246 3875 290 3927 33.
306 3916 308 3921 .
326 3875 380 3927 lum
397 3877 490 3942 incipit
508 3875 647 3942 magnilica
664 3875 729 3927 naec
750 3875 783 3925 ds
802 3870 924 3941 Europae
940 3888 1059 3925 moerore
1079 3873 1221 3940 expositio,

114 3946 144 3996 iu
166 3960 220 4012 qna
240 3948 264 3997 si
283 3961 393 4013 quaeras
407 3947 469 4013 quid
487 3946 534 3998 illa
551 3946 652 3999 tandein
672 3948 838 4010 commiserit,
859 3961 904 3996 cur
921 3958 1020 3995 summo
1039 3958 1069 3995 se
1087 3943 1222 4011 supplicio

115 4016 227 4082 dignam
244 4027 364 4081 accuset,
388 4019 444 4084 ipsa
470 4018 545 4069 adeat
565 4016 669 4083 Europa
695 4033 763 4085 quae
782 4016 938 4083 respiondeat
956 4030 979 4066 v.
1000 4015 1101 4082 dlsqq.
1151 4013 1221 4071 usn

114 4086 181 4137 duaa
201 4102 249 4152 per
266 4104 337 4139 mare
355 4088 477 4151 vellitur,
503 4103 537 4140 ne
556 4088 637 4141 uerba
655 4089 758 4156 quidem
780 4104 842 4157 prae
862 4097 961 4141 terrore
979 4085 1062 4151 potnit
1079 4086 1217 4149 inuenira;

113 4158 142 4209 in
163 4162 261 4208 terrain
280 4160 399 4226 exposita
419 4175 434 4209 a
450 4168 576 4227 tauroque
597 4158 718 4212 destituta
738 4160 847 4227 priauun
866 4159 944 4226 patris
963 4155 1034 4213 male
1049 4155 1145 4211 deserti
1159 4172 1223 4209 uae*

114 4229 198 4279 minii
224 4245 306 4297 seque
320 4231 399 4298 quod
424 4230 533 4283 levitate
550 4230 656 4283 seducta
680 4231 750 4283 liliae
768 4245 862 4282 nomeu
881 4227 1023 4296 prodiderit
1041 4228 1219 4295 pietatemque

114 4299 211 4348 inrore
229 4300 247 4349 i.
268 4315 290 4351 e
309 4303 455 4352 temeritate
476 4302 544 4353 vinci
559 4317 635 4369 passa
646 4304 679 4353 sit
696 4302 811 4369 grauiter
821 4309 937 4355 accusat.
969 4298 1061 4368 llequa
1078 4295 1222 4366 quitquam

114 4368 201 4437 eulpa
218 4377 258 4421 est
274 4371 345 4422 aliud
363 4376 393 4424 et
411 4382 484 4440 talpa
504 4375 662 4424 manum
682 4375 732 4428 nisi
755 4371 824 4435 hoe,
856 4370 925 4439 quod
947 4372 1040 4422 insano
1069 4384 1157 4425 amora
1183 4382 1218 4419 eo

113 4442 251 4507 pervenit,
269 4451 297 4493 ut
322 4459 403 4511 qnerrr
415 4444 576 4507 carissimum
595 4444 683 4496 habuit
700 4451 799 4511 putreat
817 4440 985 4512 relinqueret
1005 4439 1040 4497 ci.
1056 4454 1081 4493 u.
1099 4436 1218 4495 ‘lsi-44-

114 4509 165 4565 49.
186 4541 219 4554 -
238 4514 303 4565 anda
322 4519 382 4584 pue]
404 4514 564 4567 Coniunctus
585 4515 618 4566 ad
637 4530 758 4583 graecum
781 4513 883 4569 modurn
902 4514 972 4570 duae
987 4512 1216 4579 interrogatione&
