3117 5042
285 350 611 457 sarrnaauu
645 394 793 460 mnu.
836 395 992 463 sam
1068 406 1082 489 ρ,
1127 404 1191 465 aas

182 576 346 658 Conposui
366 595 440 657 pars
462 596 531 641 esse
551 584 639 660 putat
660 579 836 663 similesque
855 600 991 647 meorum

181 682 267 746 Mille
289 685 340 747 die
363 704 473 750 versus
494 687 602 753 deduci
623 705 723 768 pesse.
767 689 918 768 Trebati,

142 807 160 850 e
183 791 261 867 Quid
284 793 405 857 faciam.
416 794 603 874 praesente.
646 794 805 873 Quiescas.
847 797 893 858 bie
912 796 1036 878 boen,
1054 798 1168 882 ioquin

178 898 309 961 Omnino
331 903 463 964 remini
505 901 575 966 Aio.
618 902 746 969 reson
766 904 872 981 mue,
895 905 922 967 si
943 923 1006 967 non

181 1006 333 1087 opti-an
355 1015 442 1085 erat3
456 1027 573 1072 rerum
598 1014 716 1093 nequeo
737 1009 882 1081 dormire.
925 1013 990 1076 'l'er
1011 1014 1094 1077 anmi

177 1115 379 1179 Trsusosuto
399 1117 548 1196 Tiberim,
566 1137 674 1181 somno
695 1120 805 1199 quibua
826 1125 874 1183 est
895 1139 975 1202 epus
995 1121 1081 1199 alto,

179 1216 498 1306 {nigerrimasque
519 1226 576 1289 sarit
597 1232 716 1291 aarum
735 1244 848 1308 corpus
869 1227 1019 1293 moesto..

118 1348 152 1391 so
175 1332 256 1409 Aut,
276 1332 305 1394 si
327 1340 434 1395 tantus
453 1350 542 1397 anor
563 1314 720 1397 scribendi
740 1341 771 1399 te
793 1335 894 1416 rapit,
916 1335 1008 1399 oude-

179 1439 328 1503 Caesaris
346 1440 454 1503 invicti
470 1458 530 1503 res
551 1440 663 1518 dicere,
685 1443 782 1504 nnita
802 1442 942 1504 laborum
1042 1508 1045 1513 ,

179 1549 323 1611 menia
342 1536 473 1611 intimus.¹
514 1547 674 1631 (lapidum,
698 1556 790 1631 pater
811 1550 934 1642 optimp,
956 1550 1039 1613 vires

88 1758 223 1811 timendas
240 1759 290 1811 sibi
309 1775 370 1831 esse
388 1760 424 1811 ait
441 1768 528 1828 poeta,
546 1761 666 1828 quoniam
685 1774 753 1828 quae
771 1757 934 1827 ipseGaeaar
947 1759 1104 1813 Octavianus
1122 1776 1187 1829 pro-

92 1829 198 1882 baverit
218 1833 330 1882 carnaim
349 1847 380 1881 ea
399 1847 451 1882 non
471 1831 538 1882 mala
566 1831 611 1882 sed
642 1831 709 1882 bona
738 1839 857 1899 oporteat
879 1831 1029 1882 habeantur.
1065 1830 1186 1884 Consen-

90 1902 175 1952 tieute
192 1900 296 1952 demum
313 1900 433 1952 'liebatio
451 1902 611 1968 splendidam
625 1904 699 1969 quasi
712 1901 745 1953 dc
762 1903 874 1953 inimicis
892 1903 1027 1953 victoriam
1040 1912 1188 1969 reportasse

90 1972 196 2022 ridetur
213 1980 311 2039 poeta3
334 1973 406 2040 quid
434 1971 502 2023 ‘enim
523 1975 638 2037 rectius,
663 1972 724 2039 quid
743 1974 907 2024 innocentius
929 1988 989 2024 esse
1006 1981 1094 2039 potest
1109 1989 1187 2042 quam

89 2041 167 2103 illud,
183 2042 252 2110 quod
271 2042 439 2107 Octavianus,
459 2046 652 2111 potentissimus
672 2044 739 2095 inter
759 2058 849 2095 ornnes
860 2051 887 2094 et
896 2044 1051 2095 iustissimus
1068 2036 1186 2112 -quam

91 2110 198 2165 laudern
216 2129 243 2163 v.
266 2114 300 2165 16
319 2113 463 2166 Octaviano
480 2128 532 2164 non
556 2112 702 2165 inconsulto
723 2114 844 2165 tributam
862 2113 937 2165 vides
954 2145 986 2156 -
1007 2123 1034 2165 et
1051 2113 1185 2165 'l'rabatius

92 2180 180 2249 legum
201 2185 318 2251 iurisque
339 2186 510 2250 peritissimus
529 2187 583 2252 pari
603 2184 792 2251 approbatione
816 2182 1009 2236 laudaverunt?
1044 2217 1080 2227 -
1114 2185 1186 2236 llaec

91 2254 170 2320 igitar
189 2253 280 2317 ultinm
298 2263 392 2321 poetae
412 2253 530 2305 defensio
549 2263 590 2306 est
607 2264 633 2305 et
650 2254 787 2314 ahsoluta3
806 2254 839 2306 tle
858 2269 918 2322 qua,
940 2270 974 2305 ne
984 2254 1075 2304 mirum
1095 2255 1186 2307 credas

89 2325 174 2374 satiris
194 2322 358 2392 frequentem
377 2328 510 2377 satirarum
531 2326 725 2377 excusationem
738 2325 807 2389 addi,
826 2322 1041 2376 considerandum
1051 2326 1186 2391 eetipsum

90 2392 139 2445 bue
157 2410 243 2463 genus
260 2395 417 2447 defendendi
437 2397 567 2459 satiricum
587 2398 689 2447 iniectis
708 2395 824 2464 plurimis
843 2394 967 2446 malorum
987 2394 1119 2445 bominum
1138 2411 1185 2446 ea-

92 2466 275 2532 stigatieaibus
294 2468 440 2534 eximiaque
458 2466 602 2517 urbanitate
620 2466 707 2533 lapide
721 2482 780 2517 esse
793 2474 922 2527 ornatum3
940 2462 1035 2516 deinde
1052 2464 1185 2517 Horatium

91 2535 214 2587 imitatum
233 2550 295 2589 esse
315 2536 407 2587 bucilii
426 2536 590 2603 exemplum,
614 2540 688 2589 cuuis
716 2544 770 2588 tota
792 2538 846 2589 rita
872 2537 900 2586 in
923 2530 1010 2586 satiris
1029 2544 1119 2602 aperte
1137 2536 1187 2587 luit

94 2609 226 2673 proposita
245 2614 284 2676 (r.
306 2608 364 2675 33).
406 2609 466 2659 Veri
486 2609 629 2659 simile·est
648 2609 769 2675 scriptam
788 2621 848 2657 esse
865 2606 933 2656 banc
950 2606 1053 2656 satiram
1072 2621 1096 2657 a.
1115 2621 1141 2656 u.
1161 2622 1184 2657 c.

95 2677 153 2741 tat,
171 2680 216 2745 qui
237 2676 342 2746 quidem
360 2682 453 2729 annus
460 2680 557 2745 optime
574 2680 714 2729 convenire
734 2676 838 2729 videtur
854 2691 912 2727 cunr
934 2677 1023 2742 paucis
1041 2684 1185 2743 temporum

96 2762 160 2813 quae
187 2748 229 2798 bic
260 2747 342 2798 latent
358 2748 460 2800 indiciis
480 2754 518 2818 (v.
538 2751 569 2799 tr
590 2757 617 2799 et
639 2750 775 2816 13-15);
796 2754 826 2797 ut
843 2754 913 2798 totus
932 2746 999 2797 liber
1018 2747 1085 2798 intra
1102 2762 1185 2799 annos

96 2817 235 2869 itt-724
255 2818 392 2870 coniectas
410 2819 529 2870 videatur
583 2818 742 2888 Quemquam
770 2832 822 2869 non
836 2816 988 2868 defuerunt
1011 2812 1054 2883 qui
1073 2819 1183 2883 epatium

95 2885 196 2956 aliquod
215 2889 321 2956 longius
341 2892 410 2941 inter
431 2891 539 2956 primum
567 2888 660 2941 librum
681 2897 709 2940 et
726 2887 870 2939 ‘secundum
889 2888 1068 2938 intercessisse
1085 2889 1183 2954 proba·

96 2955 168 3011 bilius
190 2967 333 3026 putarent,
361 2964 464 3011 causam
488 2960 652 3019 invenientes
672 2960 774 3026 inipso
794 2956 864 3026 quod
883 2957 951 3009 iuter
968 2958 1103 3025 utriusque
1124 2956 1181 3008 libri

94 3031 178 3081 satiras
197 3032 308 3082 interest
325 3029 480 3082 discrimine.
510 3029 575 3081 Nam
595 3028 863 3098 praeterquamquod
885 3027 991 3078 alterius
1013 3025 1072 3079 libri
1089 3029 1183 3079 satirae

96 3102 230 3165 mammis,
248 3098 398 3152 elocutione
414 3115 444 3151 ac
463 3100 651 3167 compositione
672 3108 698 3152 et
718 3099 888 3168 perfectiores
906 3104 968 3150 sunt
986 3111 1062 3165 quam
1081 3100 1181 3166 priores

94 3177 116 3218 et
133 3170 275 3223 dramatico
296 3171 378 3226 forma
398 3186 467 3223 novo
498 3170 578 3222 'veluti
599 3170 708 3222 artifieio
730 3184 825 3231 noram
851 3169 962 3221 induunt
980 3177 1006 3219 et
1022 3168 1181 3235 singularem

95 3238 217 3294 indolens
238 3240 350 3309 (Frank.
369 3240 427 3293 last.
444 3241 505 3293 llor.
523 3243 626 3310 pil),
644 3241 766 3292 iuvenilis
785 3240 862 3301 etiam
882 3239 970 3291 lervor
987 3253 1019 3288 ac
1036 3240 1182 3290 vehemen-

96 3310 125 3360 tia
151 3314 358 3375 sententiarum,
386 3313 473 3379 gravis
502 3313 528 3363 in
553 3311 706 3363 accusandis
731 3310 922 3378 carpendisque
948 3309 1018 3359 vitiis
1044 3308 1182 3369 acerbitas,

95 3377 218 3435 liberrima
240 3380 409 3448 singulorum·
431 3381 560 3432 bominum
588 3383 724 3449 castigatio
750 3378 822 3435 melli
851 3396 882 3431 ac
910 3378 1014 3447 placido
1037 3378 1181 3431 deducendi

96 3455 214 3509 sermonis
234 3455 333 3519 vigori,
354 3452 517 3505 considerato
539 3452 650 3504 consilio
670 3467 701 3501 ac
719 3449 821 3501 lenitati
835 3449 1054 3517 reprehensionis,
1074 3449 1140 3497 corni
1154 3449 1181 3496 in

97 3521 245 3577 rellicaudis
263 3524 396 3577 bominum
417 3538 448 3573 ac
471 3524 541 3579 vitae
560 3519 773 3589 perversitatibus
791 3520 937 3583 ⁴urbanitati
969 3518 1066 3584 ubique
1093 3517 1179 3566 cessit.

98 3589 144 3644 liae
160 3603 248 3646 tamen
268 3596 379 3644 virtutes
397 3608 454 3643 oum
467 3595 499 3644 'in
518 3589 704 3660 posterioribus
721 3590 806 3640 satiris
820 3590 940 3650 maiores,
958 3587 984 3637 io
997 3587 1029 3636 iis
1042 3586 1085 3651 qui
1097 3586 1180 3650 primo
1246 3617 1249 3621 ›

96 3658 311 3732 libropropiores
323 3671 398 3724 'sunt,
416 3671 445 3713 ut
463 3664 508 3715 Sat
538 3663 563 3726 2,
580 3665 694 3714 minores
712 3660 885 3720 inveniantur,
908 3655 969 3723 quid
981 3653 1180 3736 prohibetque-

97 3734 168 3786 niaus
188 3738 215 3787 in
238 3735 346 3786 bomine
367 3733 522 3784 tricesimum
539 3734 631 3784 aetatis
658 3744 753 3781 annum
780 3741 888 3793 egressu
912 3723 1035 3791 paulatim
1053 3737 1097 3772 aas
1116 3737 1179 3787 pro-

98 3807 202 3871 venisse,
222 3806 248 3856 in
260 3804 453 3874 perfectissimo
464 3803 630 3872 epistolarum
649 3814 747 3869 genere
765 3798 877 3850 maxime
895 3792 1011 3846 excultas
1025 3790 1181 3849 credamus?

46 3940 47 3949 κ
154 3913 183 3962 V.
208 3913 233 3960 1.
260 3909 334 3962 altra
351 3908 442 3976 lenem]
463 3906 528 3958 ultra
547 3906 650 3958 modum
667 3914 694 3957 et
713 3904 808 3953 iustum
827 3900 961 3961 satirarum
979 3894 1075 3954 linem
1094 3892 1128 3943 cl.
1147 3895 1178 3944 Α.

96 3975 119 4026 Ρ.
135 3981 190 4034 135.
209 3979 257 4032 sed
280 3979 367 4045 legem
382 3977 455 4039 dixit,
474 3993 532 4028 curn
550 3979 613 4028 iuris
634 3972 779 4026 consultum
797 3967 981 4036 alloqueretur.
1003 3962 1105 4014 Deinde
1120 3971 1180 4013 ters-

47 4076 49 4081 ·
96 4046 146 4101 ders
160 4060 299 4118 sumptum·
312 4050 345 4099 ab
358 4063 428 4111 arcu,
446 4063 497 4114 quo
514 4049 591 4099 etiam
605 4046 674 4114 quod
688 4041 843 4094 contrarium
854 4039 896 4089 bic
908 4035 1012 4102 ponitur
1023 4033 1079 4083 cirre
1093 4034 1180 4084 newis

97 4121 258 4177 referendum.
308 4119 365 4182 Qui
378 4132 500 4169 enervem
519 4116 644 4184 putabant
662 4114 825 4166 Horatianam
843 4109 958 4167 satiram,
977 4102 1009 4152 iis
1029 4101 1117 4167 lepida
1136 4117 1180 4182 ur-

98 4185 182 4244 bonitas
203 4193 290 4243 minus
309 4189 408 4255 placuit
429 4203 505 4255 quarn
522 4188 602 4239 durae
617 4185 703 4238 salsae
740 4176 861 4232 ebucilii
881 4174 1001 4226 facetiae.
1021 4202 1054 4213 -
1076 4170 1178 4238 &ducit

49 4292 52 4313 r
97 4263 205 4315 armoe
223 4269 370 4328 sumptum,
397 4265 425 4309 ut
444 4259 496 4310 Sat.
516 4259 535 4321 l,
557 4248 661 4320 10,ss
723 4254 782 4318 pist.
805 4247 836 4310 ll,
857 4249 881 4309 1,
902 4244 1020 4324 2253-
1044 4244 1093 4321 ter]
1114 4254 1181 4320 con:

50 4360 53 4371 =
98 4327 163 4399 ittae
180 4350 239 4387 eum
260 4332 426 4383 transnanto.
461 4326 589 4379 Numerus
607 4336 693 4379 autem
714 4312 1119 4391 ternariusamcdrcrspatrtus,
1136 4324 1181 4374 qur

50 4432 53 4449 ·
99 4398 119 4449 lt
134 4419 162 4455 eo
179 4404 271 4456 nucio
291 4399 356 4469 quid
377 4399 494 4465 magicae
512 4400 647 4465 potestatis
665 4394 829 4447 invenerunt.
851 4416 883 4428 -
900 4383 1030 4452 praestrui
1050 4377 1182 4443 approba-

99 4470 181 4526 tionem
199 4474 371 4539 Caeparis-et
388 4468 488 4520 laudem
506 4467 662 4537 aequalium.
701 4493 735 4506 -
772 4461 869 4529 paraq
886 4450 1053 4505 reverentiae
1081 4462 1184 4510 nornen,

52 4570 53 4595 ³
136 4572 237 4615 Horatius
252 4571 288 4615 erl.
305 4548 458 4617 Dilleaburqer
941 4550 989 4624 Μ
