3117 5042
673 1426 715 1502 Q.
747 1421 921 1486 nonnuli
956 1420 1099 1487 meet

480 1649 1275 1751 EPODON

743 1961 1034 2025 LIBER.

814 2187 940 2199 ...--—--

756 2311 954 2385 Carmen
992 2313 1018 2382 l.

541 2471 604 2535 lhis
628 2470 772 2534 Liburnis
795 2469 877 2533 inter
895 2469 962 2535 alta
982 2468 1131 2546 narium,

622 2578 741 2654 Amice,
762 2576 995 2660 propagnacula

784 2744 942 2798 Carmen.
965 2745 986 2796 l.

412 2840 559 2907 Epodorun
579 2840 673 2893 librum
691 2840 788 2892 editum
807 2842 890 2893 videri
919 2855 988 2892 anno
1007 2838 1059 2892 725
1079 2854 1158 2906 supra
1174 2839 1225 2890 iam
1241 2854 1268 2906 p.
1290 2838 1322 2890 17
1340 2837 1429 2887 dietari

342 2918 397 2974 est3
414 2912 480 2963 falsa
500 2914 568 2963 enim
589 2928 678 2963 eorum
695 2922 736 2963 cst
752 2913 841 2979 opinio
859 2914 952 2980 quihus
972 2910 1128 2963 Octavianus
1148 2917 1199 2960 tam
1217 2908 1318 2961 insumo
1338 2916 1364 2959 et
1383 2923 1428 2974 pu-

342 2981 414 3047 sillo,
432 2983 551 3035 Horatius
570 2990 619 3034 tam
639 2982 685 3033 vili
703 2991 729 3033 et
747 2981 836 3034 humili
859 2985 944 3035 animo
962 2982 1044 3034 luisse
1061 2980 1206 3045 ridebatur,
1226 2988 1255 3030 nt
1273 2995 1342 3047 quae
1359 2980 1385 3029 in
1396 2978 1431 3027 his

341 3055 460 3105 inessent
472 3052 595 3105 liberiora
614 3052 728 3104 carmini
745 3053 840 3123 (Epod.
860 3056 884 3107 7.
908 3055 951 3122 lo)
968 3067 1055 3122 neque
1074 3051 1146 3103 illum
1164 3051 1295 3103 benevole
1315 3051 1432 3116 accipere

342 3126 460 3190 potuisse
478 3132 565 3191 neque
587 3124 655 3174 hunc
675 3124 704 3179 in
723 3124 818 3191 uulgus
840 3126 918 3176 edero
937 3139 1026 3176 ausum
1048 3139 1107 3174 esse
1133 3121 1182 3173 sibi
1205 3121 1393 3190 persuaderent
1410 3123 1435 3168 et

343 3202 444 3245 mortuo
462 3194 564 3245 demum
583 3194 688 3245 Horatio
708 3193 814 3260 Epodos
832 3212 846 3247 a
864 3197 1030 3264 grammatico
1046 3193 1134 3261 aliquo
1146 3192 1273 3245 collectos
1289 3208 1349 3243 esse
1365 3190 1432 3242 slir-

346 3273 453 3315 marent.
490 3263 589 3316 Nomen
611 3272 697 3315 autem
716 3264 766 3316 hoe
787 3282 871 3333 genus
890 3268 1030 3317 carminum
1052 3266 1154 3330 accepit
1171 3280 1187 3314 a
1204 3273 1295 3328 metro,
1315 3278 1368 3330 qno
1387 3261 1434 3311 duo

343 3333 475 3399 simplices
494 3350 585 3386 versus
604 3337 639 3389 ita
657 3335 856 3403 coniunguntur,
876 3346 904 3387 ut
921 3346 966 3387 sut
982 3335 1128 3401 longiorem
1146 3334 1251 3387 brevior
1270 3335 1385 3400 excipiat
1395 3338 1436 3381 aut

342 3405 489 3457 breviorem
509 3404 612 3473 longior
629 3414 759 3473 sequatur.
798 3407 855 3471 Quo
873 3409 947 3459 metri
963 3422 1062 3475 genero
1078 3409 1111 3457 ad
1128 3404 1276 3473 exemplam
1286 3402 1434 3456 Archilochi

343 3483 370 3526 et
387 3475 497 3527 aliorum
516 3476 671 3528 Graecorum
694 3477 813 3529 lloratius
832 3495 894 3529 usus
914 3486 953 3529 est
972 3480 998 3528 in
1016 3476 1135 3528 omnibus
1154 3476 1193 3527 his
1213 3475 1372 3528 carminibus
1390 3489 1435 3524 es·

344 3555 421 3613 cepto
439 3547 540 3598 decimo
560 3550 684 3615 septimo,
702 3548 771 3615 quod
791 3548 918 3616 siquidem
938 3564 990 3599 non
1006 3550 1081 3599 metri
1099 3550 1137 3599 rei
1156 3556 1242 3601 tamam
1259 3554 1353 3599 natura
1373 3544 1434 3601 reli·

344 3619 402 3684 quis
424 3627 561 3685 cognatum
581 3627 637 3681 est3
657 3618 689 3669 de
707 3635 758 3686 qua
778 3635 807 3670 rc
823 3618 998 3671 memorabilis
1018 3619 1092 3670 locus
1109 3627 1149 3670 est
1158 3619 1239 3686 ipsius
1251 3626 1347 3685 poetae
1358 3617 1436 3684 Epist.
1510 3638 1517 3657 ·

344 3687 366 3750 l,
390 3687 431 3752 19,
453 3688 496 3741 23.
532 3690 687 3741 monendum
706 3698 790 3741 umen
810 3699 850 3741 est
865 3692 969 3757 nequis
989 3691 1075 3740 omnia
1096 3705 1164 3758 quse
1181 3691 1207 3739 in
1226 3688 1323 3756 Epodis
1345 3688 1436 3755 legan-

344 3766 386 3809 tnr
403 3762 508 3811 nomina
527 3769 634 3828 propter
654 3759 805 3812 Archilochi
831 3763 999 3812 imitationem
1023 3776 1086 3810 vera
1114 3762 1199 3812 statim
1223 3759 1335 3819 habest3
1362 3761 1437 3810 immo

344 3844 407 3881 vero
428 3838 631 3882 consentaneum
652 3839 692 3882 ost
709 3832 736 3882 in
754 3830 852 3898 Epodis
872 3847 976 3900 qnoque
993 3831 1060 3882 fictis
1080 3831 1206 3883 interdurn
1225 3830 1376 3882 nominihus
1394 3844 1438 3880 ae-

342 3899 434 3967 quales
454 3902 550 3952 Horatii
572 3902 659 3953 celari.

413 3974 532 4023 Annon.
553 3989 574 4022 c.
596 3972 647 4025 723
666 3989 724 4024 cum
741 3970 839 4025 bellum
857 3973 882 4023 in
899 3971 1063 4040 Cleopatram
1084 3980 1111 4023 et
1137 3973 1278 4024 Antonium
1297 3979 1438 4039 pararem,

344 4041 482 4095 Maecenas
500 4042 669 4095 Octavianum
687 4045 713 4094 in
732 4043 829 4095 bellum
846 4044 983 4094 comitandi
1001 4043 1138 4094 corisilium
1156 4045 1233 4109 cepit
1261 4043 1385 4102 llorstins
1397 4055 1441 4108 pro

344 4114 537 4164 necessitudine
548 4130 616 4181 quae
637 4115 660 4165 ei
680 4123 735 4165 erat
754 4132 812 4166 cum
832 4113 878 4165 illo
894 4116 950 4165 uiro
963 4131 1037 4167 suum
1050 4114 1168 4165 essehoc
1179 4116 1293 4165 carmine
1308 4115 1442 4180 professus

345 4189 394 4245 est,
412 4183 502 4234 iisdem
519 4200 578 4236 sese
597 4184 719 4252 periculis
732 4186 907 4253 quaesmicus
924 4186 1009 4237 obiret
1017 4186 1140 4236 obiicere.
1159 4184 1261 4239 Etenim
1278 4193 1335 4250 „tnr
1351 4186 1442 4251 inquit,

346 4253 493 4319 Maecenas,
513 4257 622 4306 amicum
643 4265 712 4307 tuum
727 4256 896 4309 Octavianum
911 4258 1078 4309 comitaturus
1098 4274 1127 4309 es
1139 4257 1165 4307 in
1177 4267 1291 4308 extrema
1311 4256 1376 4307 belli
1396 4269 1441 4319 po-

345 4323 444 4387 tionis,
471 4325 539 4377 idcna
556 4343 589 4377 ne
610 4341 660 4392 ego
679 4327 770 4378 laciam
791 4337 869 4379 vetas.
908 4329 935 4379 ln
956 4344 1007 4395 qua
1027 4344 1055 4379 rc
1073 4329 1117 4394 qui
1135 4336 1211 4394 putas
1234 4343 1276 4378 nro
1297 4326 1344 4377 tihi
1365 4340 1442 4394 pom

347 4394 548 4463 obtemperare?
575 4396 654 4448 lmmo
675 4406 779 4464 paratus
799 4415 854 4449 sum
873 4402 959 4449 omnia
977 4407 1021 4448 tus
1037 4398 1154 4465 pericula
1166 4398 1278 4450 libenter
1287 4396 1371 4460 obire,
1393 4410 1444 4446 non

348 4462 412 4517 lucri
433 4475 458 4517 et
475 4465 587 4534 praedae
603 4481 682 4519 causa
700 4467 746 4520 sed
764 4470 824 4537 quia
844 4484 968 4536 praesens
988 4469 1034 4522 tilii
1051 4471 1137 4523 miuus
1148 4470 1227 4522 timeo
1244 4484 1322 4538 qnam
1337 4468 1436 4521 nonas
