3117 5042
445 391 538 456 uult.
563 391 615 457 Ν.
656 391 810 459 cunm.
835 394 887 458 Vi·
1135 401 1197 463 iti

393 572 538 636 Fabioret
554 571 675 649 aniam

309 722 374 786 Sei
397 721 503 803 palam
522 721 621 802 mpetu
642 722 771 803 gravis,
794 720 964 788 brunerus
985 722 1054 803 beu,

307 830 434 894 Nescios
456 830 518 892 fari
540 846 652 910 pueros
673 828 801 891 Achivis
827 831 834 839 '

310 938 422 1001 Ureret
443 935 593 1018 flammis,
618 937 711 1001 etiarn
730 937 879 1001 intentent

245 1052 289 1106 'ao
389 1044 502 1108 Matris
522 1044 553 1107 io
575 1044 667 1124 alvo,

311 1195 352 1258 Ni
371 1193 431 1257 tuis
453 1194 551 1258 victus
573 1193 764 1276 Venerisque
788 1199 902 1275 gratae

312 1301 446 1366 Vocibus
466 1289 569 1365 diuum
590 1309 680 1383 poter
700 1302 858 1366 annuisset

310 1409 415 1474 liebus
434 1409 559 1474 Aeneae
581 1409 701 1491 potiore
723 1409 832 1472 dunos

397 1517 481 1580 Alite
500 1535 613 1580 muros.

257 1681 288 1726 as
309 1663 425 1728 Ductor
448 1671 581 1747 argutae
602 1664 711 1727 tibicen
733 1662 885 1743 Thaliae,
971 1664 974 1667 ’

313 1770 454 1853 Phoebe,
474 1773 528 1855 qui
548 1772 675 1837 Xantbo
696 1770 777 1836 laris
798 1789 886 1834 amne
905 1768 1023 1849 cures,

311 1880 452 1944 Dauniae
472 1880 603 1944 defende
621 1881 714 1944 decus
731 1878 902 1959 Camenae,

402 1988 495 2051 Leuis
517 1988 649 2070 Agyieu.

314 2133 463 2216 Spiritum
483 2133 623 2199 Phoebus
643 2135 733 2214 utut,
754 2135 896 2199 Phoebus
917 2141 1017 2199 artem

258 2260 290 2304 so
310 2240 462 2307 Carminis
482 2258 652 2326 nomenque
670 2243 755 2309 uerit
775 2252 898 2325 poetae.

313 2350 475 2433 Virginum
499 2351 617 2432 primae
637 2352 784 2434 puerique
805 2351 901 2414 claris

399 2457 541 2520 Patribus
561 2457 636 2521 orti:

312 2605 421 2669 Deliae
439 2605 537 2668 tutelo
559 2606 636 2670 deae
659 2608 787 2689 fugaces

114 2755 172 2807 Aen
190 2756 225 2822 ΙΙ,
242 2757 305 2813 626.
334 2789 370 2800 -·
403 2758 517 2825 procidit
534 2757 598 2828 inte]
618 2758 748 2824 Expressa
775 2759 841 2811 baec
866 2759 988 2811 videntur
1003 2773 1038 2811 ex
1056 2758 1130 2810 Hom.
1153 2755 1200 2810 Od.

116 2827 201 2893 xilv,
219 2830 304 2897 susq.
323 2862 358 2872 -
376 2829 523 2899 Minervae]
543 2831 614 2896 Virg.
635 2830 869 2899 Aen-It,15sqq.
891 2832 950 2884 183.
972 2864 1007 2873 -
1030 2830 1144 2901 [αἰῶνα]
1165 2829 1204 2883 D'e

114 2895 294 2965 hypotheticae
312 2902 457 2952 sententiae
477 2900 559 2951 iorrua
577 2899 639 2967 iege
658 2900 761 2967 Zumpt.
779 2917 819 2970 gr.
839 2903 883 2953 lat.
902 2904 930 2966 §.
948 2901 1008 2954 52&

185 2988 217 3038 V.
240 2989 280 3040 17.
312 2986 402 3056 peluso
422 2989 513 3107 ceptisp
543 2987 601 3037 Non
620 2989 786 3038 consentiunt
802 2989 828 3039 in
849 2989 873 3039 b.
894 2988 910 3039 Ι.
931 2987 1044 3039 codices.
1092 2987 1121 3038 ln
1142 2985 1202 3037 aiiis

114 3057 210 3123 teptis,
237 3060 264 3109 in
283 3056 342 3110 aliis
360 3066 450 3127 coptos
469 3073 503 3108 ue
531 3067 622 3126 ruptor
640 3057 804 3123 reicietur,
831 3061 858 3110 in
877 3059 935 3111 aliis
949 3057 1104 3110 vocabulum
1122 3056 1202 3124 plane

115 3128 243 3180 missurn
289 3128 363 3181 Unde
392 3137 463 3180 recte
485 3127 650 3195 collegerunt
667 3130 766 3192 critici,
790 3130 818 3180 in
844 3131 1030 3198 antiquissimis
1056 3128 1200 3192 codicibus,

116 3199 251 3265 exquibus
270 3203 315 3266 qui
334 3200 367 3250 ad
385 3214 432 3251 nos
447 3200 741 3266 perveneruntproiecti
758 3211 828 3266 suut,
846 3204 969 3269 scriptum
986 3201 1067 3253 fuisse
1085 3199 1203 3251 vocabu-

114 3263 162 3317 lum
178 3270 284 3341 aliquod
303 3271 347 3323 vel
367 3270 676 3337 rarissimumsoribisque
694 3273 811 3339 ignotum
823 3274 866 3323 vei
881 3273 948 3325 maie
966 3275 1071 3340 pictum,
1090 3280 1120 3322 ut
1131 3269 1199 3322 alius

112 3337 178 3390 uisu
199 3340 301 3407 legeret
328 3354 359 3391 ac
388 3342 521 3392 scriberet.
570 3340 685 3392 Fuerunt
711 3343 754 3410 qui
780 3352 870 3412 captor
895 3344 927 3396 ab
948 3344 1051 3395 Horatio
1076 3344 1201 3410 scriptum

112 3415 237 3475 puurenc,
255 3413 414 3463 rarissimum
432 3411 498 3462 iiiud
514 3412 631 3478 quidem,
649 3411 695 3464 sed
714 3412 819 3464 obvium
840 3416 868 3465 in
885 3414 1044 3481 Antinoiogia
1059 3412 1199 3464 Burmanni

115 3477 137 3529 11
153 3495 179 3547 p.
198 3482 273 3545 453,
301 3482 346 3533 ubi
363 3491 513 3533 nemoroso
530 3482 676 3549 siguificut;
695 3483 740 3533 ulii
758 3493 844 3535 autern
862 3482 1021 3552 scripserunt
1041 3492 1142 3551 raptor.
1163 3512 1198 3523 -

112 3553 209 3604 maios
224 3554 292 3673 serp]
314 3551 403 3619 arium
421 3558 513 3606 τέκνα.
535 3554 676 3604 biemoratu
694 3553 773 3620 digna
792 3569 835 3604 res
856 3564 903 3617 est,
924 3555 993 3622 quod
1014 3554 1133 3603 Horatius
1153 3552 1197 3603 ia-

113 3617 194 3674 bulam
212 3622 244 3673 ab
293 3637 383 3674 omero
409 3631 537 3689 sumptam
562 3624 705 3673 Homericis
730 3625 807 3674 etiarn
832 3624 968 3677 vocabulis
993 3624 1112 3685 ornauit3
1135 3621 1197 3673 inde

112 3692 186 3745 effluo
203 3709 272 3761 qnae
290 3702 435 3762 sequuntur
454 3696 532 3745 etiem
548 3694 678 3756 intentes,
698 3692 731 3744 de
749 3694 842 3760 quibus
862 3696 896 3745 ci.
915 3694 946 3749 ΙΙ.
966 3695 1098 3761 vtooeq.
1110 3708 1199 3761 -po-

112 3762 176 3815 tiore
193 3763 267 3834 alite]
289 3764 322 3816 ci.
340 3764 423 3817 cerm.
443 3763 463 3828 1,
485 3765 527 3827 15,
545 3767 570 3817 5.
591 3795 624 3805 -
647 3765 743 3833 ductos]
766 3765 829 3815 Muri
850 3766 978 3817 ducuntur
998 3765 1082 3833 (Virg.
1101 3765 1163 3814 Aen.
1174 3762 1195 3825 1,

110 3828 173 3901 423)
194 3841 222 3884 ut
240 3837 363 3902 parietes,
380 3833 460 3898 valio,
477 3834 573 3899 fossae,
591 3834 666 3897 sulci,
686 3850 787 3897 versus,
809 3835 908 3899 lineae,
927 3843 1033 3902 proptor
1053 3832 1196 3901 longitudi-

112 3914 178 3968 nem,
196 3921 243 3972 per
261 3921 339 3973 quom
358 3905 531 3957 extenduntur
565 3937 597 3947 -
624 3905 743 3989 arqutae]
764 3905 815 3956 Alii
837 3908 961 3974 Arpinas,
981 3920 1013 3956 es
1031 3905 1119 3970 inepta
1137 3918 1197 3954 cor-

112 3977 232 4026 rectione.
270 3976 332 4027 vide
349 3977 382 4029 ad
399 3976 486 4028 Cum.
504 3975 550 4039 ΙΙΙ,
571 3975 611 4039 tt,
631 3980 672 4028 21.
691 3976 771 4044 Epist.
793 3977 826 4041 ΙΙ,
845 3978 871 4039 2,
881 3976 923 4028 90.
942 4008 978 4018 -
997 3972 1099 4026 Xnetbn
1119 3971 1196 4047 bnon]

111 4043 145 4093 ti.
168 4048 253 4098 Carnu.
274 4046 366 4111 111‚u,
390 4047 433 4099 61.
478 4046 517 4098 De
542 4047 622 4097 verbo
643 4047 730 4099 locere
755 4048 816 4098 vide
837 4048 869 4099 od
892 4047 976 4099 Germ.
996 4046 1028 4109 ΙΙ,
1044 4044 1071 4111 3,
1091 4046 1132 4098 18.
1160 4074 1196 4087 -

112 4111 241 4191 omia]
269 4117 330 4169 vide
348 4118 381 4169 nd
398 4118 482 4170 Canu.
502 4117 536 4181 ΙΙ,
557 4121 581 4181 1,
597 4117 641 4168 34.
676 4128 705 4164 -z
748 4120 858 4187 Appieu]
885 4118 980 4185 Apoiio
998 4116 1066 4183 apud
1085 4116 1198 4168 Graecos

111 4181 225 4251 ἀγυιεῦς
243 4187 425 4255 appellabatur
441 4190 503 4256 quia
521 4190 570 4238 viis
590 4188 694 4239 urbanis
712 4192 875 4256 praepositus
895 4196 958 4240 erut.
993 4188 1080 4252 Leuis,
1099 4185 1198 4237 imber-

109 4251 147 4305 bis
167 4265 207 4308 ert
225 4267 334 4326 propter
351 4267 501 4326 perpetuam
521 4261 690 4313 iuuentutem.

193 4345 223 4397 V.
235 4345 281 4404 29,
311 4347 447 4415 Spiritum]
482 4345 551 4396 luter
571 4362 601 4396 so
621 4346 740 4413 opposita
756 4353 816 4396 sunt
835 4346 940 4413 spiritur
958 4352 984 4396 et
1002 4360 1062 4408 ura,
1090 4341 1198 4410 egregio

108 4411 215 4465 oonsilio
233 4418 260 4466 in
282 4418 432 4484 praecipuis
451 4433 543 4468 versus
560 4416 625 4467 iocis
647 4416 784 4467 collocata.
822 4415 895 4478 Quae
912 4430 970 4466 curu
988 4415 1126 4464 coniuncta
1140 4419 1200 4462 sunt

107 4480 199 4535 Ιοιιιιω
217 4487 337 4539 efficiunt
357 4496 461 4555 poetam
478 4489 642 4556 nominisque
663 4485 765 4539 taudem
785 4495 884 4553 ponant
903 4516 937 4529 -
962 4487 1075 4555 priorsus]
1098 4484 1198 4534 Chorus

152 4584 306 4628 iterationi
321 4585 480 4638 Dtllenburqer.
953 4586 999 4657 16
