3117 5042
319 434 351 478 vr
712 414 1010 478 laturario.

265 648 267 655 ·
317 601 384 673 sim
408 602 565 673 breviter
591 588 865 671 monstrandam
893 597 984 669 mihi
1012 621 1088 669 esse
1115 597 1292 668 existimo.
1344 594 1405 665 Et-

319 767 416 838 enim
443 781 577 839 rectam
604 766 701 837 illam
725 764 877 862 quidem
901 762 1165 857 esseconfido3
1192 787 1258 859 ego
1285 777 1404 832 autem

315 927 438 985 utrum
464 914 665 986 constantia
691 926 727 984 et
751 913 888 984 viribus
914 913 998 983 satis
1024 912 1184 983 munitus
1215 935 1293 982 eam
1320 934 1405 1005 per-

316 1043 462 1134 lecerim
488 1086 534 1134 an
561 1063 787 1135 facultatibus
813 1061 1005 1133 destitutus
1032 1061 1116 1132 illuc
1129 1085 1204 1156 quo
1216 1057 1406 1129 tenderem

316 1236 393 1281 non
418 1212 646 1307 pervenerim
671 1212 708 1281 in
739 1211 976 1306 occultosque
1001 1210 1162 1280 tramites
1188 1207 1312 1280 devius
1338 1204 1405 1276 dc-

318 1358 544 1451 clinaverim‚
569 1358 619 1429 illi
643 1356 820 1429 videbunt
845 1357 980 1453 quibus
997 1355 1043 1427 de
1069 1356 1127 1428 his
1143 1356 1251 1426 rebus
1263 1367 1403 1425 rectum
1479 1374 1484 1385 ·

319 1505 388 1576 erit
414 1519 450 1577 et
471 1530 629 1603 aequum
657 1504 845 1589 iudicium.
907 1505 1026 1603 Atque
1060 1506 1100 1577 in
1129 1499 1405 1576 conscribendis

315 1655 608 1769 commentariis,
642 1655 776 1752 quibus
806 1652 1099 1726 adolescentibus
1132 1651 1288 1724 maxime
1314 1674 1406 1721 con-

310 1805 448 1875 sultum
473 1803 660 1898 volumus,
700 1802 738 1874 id
764 1816 847 1875 ante
874 1803 998 1874 omnia
1023 1800 1224 1874 cavendum
1251 1811 1330 1892 est,
1357 1822 1404 1869 ne

315 1948 455 2023 diversa
481 1952 633 2024 consilia
650 1951 917 2023 confundentes
942 1950 1057 2023 modo
1073 1950 1201 2021 altiora
1226 1947 1404 2045 praebea-
1495 2008 1499 2013 .

315 2124 419 2194 mus,
449 2099 497 2172 ad
534 2126 629 2199 quae
660 2101 825 2172 iuvenilis
858 2098 1000 2172 animus
1033 2125 1108 2171 non
1141 2099 1225 2170 satis
1256 2109 1403 2195 paratus

312 2247 478 2339 accedat,
504 2248 618 2322 modo
645 2249 772 2321 viliora
799 2274 1040 2346 apponamus,
1066 2249 1200 2345 quibus
1223 2247 1314 2319 nibil
1339 2246 1400 2316 ille

311 2397 426 2470 alatur
461 2412 523 2470 aut
548 2399 640 2470 vires
664 2398 780 2495 possit
813 2418 954 2496 augere.
1016 2397 1138 2490 Quare
1176 2398 1213 2469 in
1249 2394 1403 2467 edendis

312 2544 449 2619 Horatii
476 2548 650 2644 operibus
680 2572 765 2619 eum
791 2548 884 2619 mihi
906 2549 1163 2645 proponebam
1189 2546 1402 2618 adolescen-

312 2706 409 2786 tem,
449 2695 514 2789 qui
550 2693 597 2767 ad
627 2696 784 2792 primam
817 2722 903 2771 suae
933 2697 1079 2770 scholae
1118 2698 1267 2771 classem
1304 2696 1401 2768 bene

311 2843 473 2914 munitus
497 2857 534 2915 et
557 2858 702 2940 paratus
735 2849 981 2943 pervenisset,
1014 2847 1062 2921 ad
1087 2849 1238 2940 eiusque
1266 2806 1401 2918 iiatelli-

312 2993 471 3088 gentiam
499 3008 536 3065 et
559 2996 747 3069 scientiam
774 3022 924 3069 omnem
951 3018 1070 3069 meam
1097 3021 1175 3066 rom
1190 3020 1402 3068 accommo-

310 3139 398 3214 dare
423 3143 626 3215 studebam.
684 3144 912 3242 Aperiendus
937 3146 971 3217 ei
997 3158 1094 3238 erat,
1119 3169 1229 3240 quam
1255 3144 1295 3218 id
1320 3171 1400 3218 ma-

310 3292 406 3363 xime
432 3293 512 3365 lieri
536 3309 681 3392 posset,
710 3309 842 3393 poetae
876 3296 1039 3392 animus,
1077 3298 1132 3368 via
1162 3297 1399 3369 monstranda

309 3464 382 3539 qua
408 3441 452 3516 ad
480 3446 736 3541 praestantiam
774 3472 896 3519 rerum
933 3472 976 3519 ac
1009 3461 1287 3545 praeceptorum
1322 3445 1398 3518 lor-

308 3618 465 3691 maeque
506 3595 737 3670 artificiosam
784 3612 1007 3673 venustatem
1052 3596 1323 3697 intelligendam
1362 3612 1398 3669 et

308 3743 570 3818 aestimandam
611 3748 745 3819 sensim
793 3748 1066 3843 perveniretur,
1109 3749 1202 3820 ratio
1234 3745 1397 3843 denique

310 3890 538 3966 ostendenda
575 3919 649 3992 qua
673 3920 756 3967 cum
779 3918 847 3971 aua
872 3911 987 3970 aetate
1013 3898 1160 3994 suisque
1186 3895 1398 3992 aequalibus

270 4050 274 4057 ‘
309 4051 419 4133 poeta
443 4043 531 4114 olim
557 4046 862 4143 coniungerem,
890 4072 937 4119 ne
961 4080 1011 4098 -·
1040 4045 1079 4119 id
1101 4045 1206 4144 quod
1228 4072 1293 4142 spe
1318 4070 1398 4117 sae·

310 4188 391 4284 pius
418 4207 539 4265 nostra
565 4211 680 4269 aetate
702 4197 835 4270 lactum
863 4213 916 4270 est
951 4238 997 4249 -
1033 4222 1183 4297 pravum
1220 4197 1395 4271 iudicium

313 4336 370 4408 vel
395 4337 441 4409 de
468 4344 690 4419 carminibus
712 4349 767 4418 vel
783 4346 830 4420 de
845 4349 969 4419 animo
996 4350 1235 4445 moribusque
1260 4310 1439 4420 Ηοναιίἰ..

310 4488 595 4567 confirmaretur.
645 4496 730 4589 Quo
756 4500 909 4573 consilio
937 4500 1047 4573 vitam
1073 4514 1205 4597 poetae
1225 4498 1399 4595 praemisi
