3117 5042
365 434 458 500 titt.
481 433 505 499 I.
550 432 700 499 cauni.
723 432 986 500 xxti-xxiv.

503 616 696 690 Carmen
722 616 841 690 XXIII.

324 784 414 845 vitas
437 783 584 849 hinnuleo
606 802 653 847 me
676 784 801 859 similis,
821 783 934 862 chloe,

323 894 492 975 Quaerenti
515 892 660 976 parilem
683 892 837 956 montibus
858 893 939 957 aviis

364 1004 497 1067 Matrem
517 1021 579 1064 non
600 1002 667 1064 nne
687 1019 769 1064 vano

403 1110 560 1175 Auratum
580 1116 612 1172 et
635 1109 735 1172 siluae
762 1115 861 1171 metu:

288 1263 302 1306 s
323 1246 399 1308 Nam
418 1262 474 1307 scu
493 1242 657 1306 mobilibus
677 1242 762 1306 veris
782 1241 936 1305 inhorruit

322 1351 480 1416 Adventus
503 1352 587 1415 loliis
610 1368 664 1414 seu
686 1349 803 1414 vlritles
825 1351 933 1414 rubum

368 1460 533 1523 bimorcre
553 1459 710 1535 incertae,

405 1566 561 1630 Eteocle
585 1573 616 1628 et
639 1565 768 1648 genibus
789 1566 902 1629 tremit.

324 1698 417 1783 Atqui
439 1718 502 1763 non
524 1718 585 1782 ego
606 1707 638 1761 te
656 1699 751 1780 tigris
771 1706 806 1762 et
826 1717 943 1781 espen

273 1828 305 1871 ao
325 1809 517 1873 Gaetulusve
535 1808 586 1870 leo
605 1810 754 1890 frangere
775 1824 964 1893 persequor:

365 1917 506 1982 Tanton
526 1917 633 1981 asine
653 1924 783 1981 matrem

405 2026 605 2109 'tempestiva
627 2026 713 2109 sequi
737 2027 816 2092 viro.

490 2366 687 2445 Carmen
717 2371 837 2447 xxiv.

211 2530 213 2534 ⁸
324 2538 400 2615 Quis
419 2538 575 2604 desiderio
598 2540 639 2603 sit
659 2540 759 2622 pudor
777 2545 832 2603 aut
852 2539 960 2604 modus

322 2647 402 2710 Tam
423 2646 490 2712 cari
512 2648 648 2733 capitis?
683 2646 839 2730 ruane
859 2647 1009 2730 lugubres
1078 2722 1081 2727 4

537 2799 689 2853 Carruca
708 2801 802 2855 XXIII.

190 2892 233 2944 Ad
255 2908 379 2962 mecum
400 2895 512 2947 fortasse
529 2895 676 2965 exemplum
696 2895 807 2960 Chloen,
825 2894 939 2947 timidam
958 2892 1072 2962 puellam
1093 2901 1120 2945 et
1137 2895 1218 2947 amori

120 2979 151 3014 se
168 2964 385 3029 subtrahentem,
402 2974 535 3033 comparat
553 2983 610 3019 cum
637 2966 745 3019 hinnulo
765 2975 873 3019 matrem
890 2965 967 3016 anxio
985 2966 1105 3032 sequenti
1124 2974 1150 3015 et
1168 2981 1219 3033 pe·

118 3033 204 3085 riculo
224 3035 342 3103 undique
360 3038 468 3088 timenti.
505 3035 588 3090 Chloe
608 3038 705 3108 (χλόη)
726 3053 821 3089 nomen
839 3036 872 3088 ab
883 3036 988 3088 Horatio
999 3051 1052 3087 non
1070 3036 1157 3086 lictum
1170 3035 1218 3088 setl

120 3104 237 3157 electum
255 3116 305 3172 est,
324 3108 446 3175 quoniam
464 3108 532 3160 bene
552 3111 672 3177 congruit
692 3124 750 3161 cum
769 3114 860 3160 natura
878 3104 983 3175 puellae
1005 3115 1032 3158 et
1051 3112 1144 3157 aetate.

192 3204 224 3254 V.
247 3206 270 3254 1.
290 3203 423 3275 hinnuleo]
445 3205 485 3257 Ilo
504 3222 562 3257 rara
581 3206 630 3265 hac
647 3204 819 3261 imminuendi
841 3205 925 3258 lorma
937 3204 999 3255 vide
1009 3202 1110 3271 Zumpt.
1121 3218 1161 3270 gr.
1171 3200 1218 3254 lat.

120 3275 149 3338 ς.
168 3273 224 3327 240
244 3273 276 3325 ad
298 3273 341 3325 lin.
357 3304 391 3317 -
410 3278 486 3345 obeo]
507 3276 537 3328 ln
556 3277 631 3330 bonis
667 3277 803 3329 codicibus
821 3276 891 3345 qood
909 3275 1006 3344 legitor
1024 3277 1097 3338 vitot,
1116 3275 1218 3326 etiamsi

118 3359 168 3411 per
184 3344 380 3397 metrum-ferri
401 3348 485 3413 possit
517 3349 565 3417 (cl.
583 3348 668 3399 Carm.
686 3347 708 3411 t,
729 3350 771 3410 15,
791 3348 827 3401 24
844 3356 871 3399 et
887 3347 956 3416 36),
985 3352 1114 3414 repugnat
1131 3354 1218 3398 tamen

117 3416 207 3466 versui
227 3414 253 3466 9.
289 3414 380 3484 Longe
401 3416 451 3468 alin
469 3420 535 3469 ratio
553 3428 593 3470 est
612 3418 739 3471 Carminis
750 3418 784 3483 lI,
793 3421 819 3483 5,
837 3433 896 3470 nam
916 3434 950 3469 ne
969 3417 1005 3469 ibi
1028 3416 1132 3485 quidem
1146 3425 1218 3468 nan·

118 3487 185 3537 sitnr
204 3501 221 3537 a
239 3487 316 3537 tertia
335 3503 446 3554 persona
466 3488 630 3540 adulteram.
652 3519 684 3530 -
717 3488 810 3560 ritune}
830 3486 1012 3555 trisyllabum,
1029 3498 1058 3539 ut
1073 3485 1156 3554 Eporl.
1177 3487 1235 3550 13,Χ

118 3556 145 3609 2.
165 3587 203 3598 —-
222 3558 293 3609 oeric
310 3559 443 3610 inhorruit
459 3559 584 3613 adsentor
601 3559 673 3628 soliis
702 3558 760 3612 Non
778 3568 865 3628 potest
882 3560 972 3628 negari
991 3557 1115 3610 audacter
1127 3558 1163 3607 ita
1176 3556 1219 3606 di-

119 3635 190 3679 etun
209 3643 271 3679 esse
290 3627 323 3678 nb
342 3629 466 3695 Horatio,
493 3646 553 3682 nam
578 3646 630 3682 non
699 3640 772 3684 emus
789 3633 858 3684 oeric
877 3631 981 3698 proprie
1002 3629 1157 3680 Inhorrescit
1175 3628 1221 3677 lo-

119 3696 171 3761 liis,
190 3697 240 3749 sed
258 3698 443 3752 inhorrescunt
464 3701 528 3752 lolia
545 3701 657 3753 adventu
675 3703 754 3754 veris.
780 3703 824 3756 Sic
844 3702 909 3755 Ptin.
920 3701 951 3753 Η.
962 3699 993 3753 N.
1003 3697 1095 3763 XVIII,
1112 3696 1147 3748 35
1157 3696 1220 3748 lin:

119 3768 273 3835 ,Trifolium
292 3785 397 3839 quoquo
415 3770 596 3824 inhorrescere
627 3781 653 3824 et
672 3771 735 3824 lolia
761 3782 852 3824 contra
876 3778 1057 3839 tempestatem
1081 3766 1220 3835 subrigere

120 3848 222 3890 certum
242 3847 308 3891 ests
344 3841 402 3893 Non
420 3841 489 3894 male
506 3844 557 3895 iarn
578 3851 752 3910 comparatum
774 3851 815 3894 est
832 3851 966 3895 nostrnm=
986 3857 1030 3905 „es
1048 3837 1155 3891 ranacht
1172 3838 1220 3890 der

119 3910 250 3978 Fn'rhling
270 3911 297 3961 in
315 3911 366 3963 (len
385 3911 533 3977 Blhttern3t⁴
559 3929 619 3965 narn
637 3914 765 3966 adventus
783 3915 853 3965 veris
869 3911 997 3965 indicatur
1014 3906 1075 3963 flatu
1100 3907 1220 3975 Favonii,

120 3983 164 4049 qni
186 3983 245 4032 eius
265 3989 306 4033 est
323 3998 419 4036 comes.
449 3984 653 4049 Carm.lV,12‚
674 3985 750 4036 1.-
778 3984 875 4036 virides
894 3982 1020 4052 lacertae]
1040 3982 1096 4034 lloo
1114 3996 1220 4049 quoqne

118 4051 246 4104 indicium
266 4054 346 4119 reris,
364 4054 475 4107 lacertas
494 4054 599 4124 prodire
617 4071 650 4108 ex
668 4054 793 4119 latebris,
809 4056 837 4107 in
856 4068 920 4122 quas
938 4052 1025 4104 hieme
1044 4069 1073 4105 se
1094 4051 1222 4104 condide-

120 4124 179 4174 rint.
199 4122 235 4173 ci.
255 4124 327 4192 Virg.
344 4124 408 4176 Bnc.
426 4124 492 4189 2,9.
511 4157 545 4169 -
570 4128 665 4197 tremit]
689 4124 839 4178 hinnuleus.
862 4157 895 4169 -
918 4122 1050 4195 Gaetulus]
1070 4123 1222 4175 Africanus.
1329 4160 1332 4165 ,

120 4195 293 4333 sp‘ImItc'l'
306 4223 333 4237 -
358 4198 486 4267 frangere
503 4202 654 4268 pntequor]
675 4196 736 4249 vide
756 4196 790 4249 ad
810 4192 999 4261 Carm.1,1‚8.
1019 4226 1051 4236 -
1070 4195 1220 4264 tenpestt‘ea

119 4279 174 4313 erro
209 4280 246 4315 nu
265 4280 318 4316 irs.

503 4362 507 4367 '
535 4360 681 4413 Carmen
708 4361 799 4415 xxiv.

210 4450 395 4507 Dulcissimnm
420 4453 471 4505 hoe
497 4453 532 4506 tle
548 4464 632 4517 morte
650 4456 785 4520 Quinctilii
803 4455 836 4507 nn
856 4455 991 4525 Virgilium
1009 4470 1133 4509 nummum
1154 4466 1217 4519 poe·

128 4528 175 4570 tam
198 4537 303 4576 carmen
331 4523 481 4580 absolutum
505 4528 611 4580 omnino
639 4535 680 4579 est
705 4542 737 4579 ac
762 4527 925 4595 perlectum
951 4542 1009 4580 nun
1037 4540 1096 4578 ern
1122 4524 1223 4578 llonbi
