3117 5042
546 382 754 442 ...15-

24 634 26 643 1
114 519 214 627 Μιώ
238 556 350 639 ingena
380 556 471 639 lupus
503 550 646 623 innoxius
665 556 799 643 ,obviarn
835 554 972 637 irct⁵³)‚
1017 556 1067 618 rol
1101 575 1193 640 quant

117 664 236 746 lnagm
256 684 310 729 sno
333 664 453 729 Sabino
485 665 615 729 cadente
640 665 758 728 arbore
774 683 872 746 paene
892 665 1116 747 opprimeretur
1130 666 1197 744 5*);

116 781 199 854 atquc
219 772 310 836 etiarn
324 772 586 855 qnodincolunris
607 792 649 836 ex
667 773 764 841 caede
777 773 971 854 Philippensi·
987 773 1097 853 evasit,
1115 774 1197 856 quod

116 900 151 944 er
176 882 340 963 naufragio
354 882 466 969 -vitanr
498 881 656 961 servarit,
688 888 783 963 grato
812 881 913 943 auimo
947 881 1072 945 deorum
1103 900 1199 962 prae-

116 988 185 1053 senti
205 989 302 1050 tutela
322 989 436 1067 factum
458 1006 526 1051 esse
543 988 773 1071 profitetur53).
814 988 876 1050 Sed
889 989 1044 1053 sufficiant
1064 989 1140 1052 laec
1157 990 1197 1052 do

116 1097 217 1179 pietate
237 1095 359 1158 Horatii
378 1114 456 1179 erga
471 1096 575 1173 deos..
598 1095 811 1175 lic-amicitia,
832 1115 921 1178 quam
932 1097 1105 1160 Maecenati
1125 1115 1198 1179 pcr-

115 1213 226 1285 petnam
246 1204 408 1285 serravit,
438 1205 499 1267 ian
530 1204 642 1267 dietum
672 1210 738 1281 est3
771 1211 870 1269 restat
897 1211 931 1267 ut
962 1204 1000 1267 dc
1020 1204 1084 1267 alia
1104 1204 1199 1268 animi

118 1314 266 1377 affatione
301 1313 408 1394 paucis
431 1313 569 1389 dicatur,
602 1329 680 1395 quac
705 1311 789 1387 laud
819 1331 935 1395 parvas
956 1320 1066 1395 poetae
1094 1319 1201 1379 nostro

115 1420 482 1485 cunnuioneseresuc.
1102 1402 1105 1407 ’

207 1530 275 1593 lion
297 1529 391 1591 cernel
414 1528 562 1591 Horatius
588 1527 707 1591 Mosam
735 1546 823 1593 auanr
849 1529 982 1595 iocosam
1007 1530 1147 1610 appellat
1168 1533 1200 1591 et

114 1636 257 1701 anorilus
279 1634 415 1701 deditam
429 1631 503 1714 ⁵⁶).¹
526 1636 589 1698 Sed
612 1653 673 1698 non
696 1636 868 1714 defuerunt,
893 1637 944 1718 qui
968 1655 1059 1701 veros
1085 1646 1199 1719 poetae

113 1760 223 1806 amores
244 1743 395 1806 videndos
416 1760 484 1805 esse
507 1761 605 1824 paene
625 1742 737 1826 utiquc
758 1751 930 1826 negarent,
961 1752 994 1807 et
1010 1746 1108 1832 molta
1128 1763 1200 1808 ear·

113 1850 184 1914 mina
204 1851 243 1919 ad
268 1851 460 1933 exemplaria
481 1856 598 1933 graeca'
624 1870 770 1933 magnam
802 1860 919 1934 partem
945 1871 1093 1934 expressa
1121 1853 1199 1919 nilil

113 1975 172 2020 cose
196 1960 280 2022 aliud
303 1960 496 2031 affirmarent
527 1960 585 2021 nisi
607 1961 690 2023 lusus
710 1961 857 2042 quosdam
878 1962 1014 2041 poeticos
1036 1961 1075 2023 ab
1096 1961 1198 2024 animo

112 2076 210 2147 poetae
232 2067 449 2157 alienissimos.
493 2068 550 2142 oui
571 2063 599 2129 si
620 2067 696 2131 satis
716 2069 971 2147 recordarentur,
994 2070 1095 2150 qualis
1115 2078 1201 2134 canet

111 2171 200 2250 lyrica
218 2177 345 2256 poesis,
375 2192 524 2257 quamque
545 2175 703 2255 indignum
725 2182 818 2256 poeta
837 2194 911 2238 vere
939 2177 1060 2254 lyrico,
1077 2177 1198 2240 alienos

24 2280 26 2289 ’
111 2294 207 2345 tensm
228 2283 400 2346 imitantem
422 2283 497 2344 uitur
519 2300 616 2363 prope
636 2301 677 2346 cx
699 2301 755 2345 auo
775 2283 878 2345 animo
899 2290 954 2345 aut
975 2282 1041 2347 vita
1061 2283 1200 2363 haurire,

24 2418 25 2421 ¹
109 2388 193 2472 longe
210 2392 308 2455 aliter
330 2388 511 2481 ⁸iudicarent
555 2389 731 2472 Antiquitas
753 2390 794 2453 ad
808 2399 934 2453 nostros
948 2409 1049 2453 mores
1071 2399 1199 2454 nonest

24 2570 25 2575 ἵ
111 2500 289 2562 revomnda.
334 2501 531 2580 ‚Quamquam
551 2500 660 2580 negari
685 2517 746 2561 non
768 2505 887 2578 potest,
917 2498 1045 2560 lloratio
1067 2512 1198 2580 graecos

24 2684 26 2701 ‚
110 2620 194 2686 saepe
213 2612 326 2687 poetas
346 2607 487 2686 exemplo
516 2605 628 2682 fnisse,
661 2612 763 2668 tamen
782 2604 834 2666 ubi
855 2613 887 2665 et
908 2620 968 2686 qua
989 2604 1110 2667 ratione
1130 2606 1198 2666 stre-

24 2712 26 2737 '
111 2711 179 2790 rint,
208 2715 282 2795 quis
303 2730 383 2775 nunc
403 2713 570 2794 deperditis
591 2712 653 2775 illis
673 2711 781 2789 lyricis
803 2711 914 2793 utique
935 2710 1066 2775 dimit.
1092 2713 1197 2795 Neque

24 2862 25 2905 3
111 2819 264 2902 quidquam
288 2820 388 2902 magis
411 2827 597 2901 potestesse
616 2837 806 2900 perversum,
829 2836 920 2900 quaen
935 2818 1105 2901 ubicunque
1119 2819 1196 2882 duo·

24 2916 26 2977 ἶ
109 2941 166 2989 run
188 2936 351 3008 poetarum
379 2927 495 2991 similes
527 2927 678 3010 quaedam
707 2928 879 2991 sententiae
909 2927 1125 3007 reperiantur,
1155 2927 1199 2989 ibi

24 3052 26 3135 ζ
110 3034 230 3099 alterum
252 3034 427 3118 praeivisse
448 3037 580 3123 alterum
601 3035 749 3098 inritatum
771 3052 840 3096 esse
863 3034 1024 3097 confestim
1043 3033 1196 3097 divinare.

24 3136 26 3193 Ῡ
110 3140 165 3203 Sed
185 3161 280 3226 quum
300 3142 394 3205 dubia
416 3161 467 3205 res
490 3144 540 3221 sit,
565 3142 733 3205 cavaredum
756 3149 813 3221 est,
835 3160 876 3204 ne
898 3160 977 3223 quae
997 3141 1059 3205 alia
1073 3143 1198 3204 nomina

24 3308 26 3335 ,
109 3252 382 3337 recalcitremus,
404 3250 463 3312 nisi
485 3267 563 3332 quae
586 3257 617 3312 ot
638 3251 772 3313 locorum
797 3257 828 3311 et
850 3257 1016 3330 temporum
1040 3258 1072 3312 et
1096 3268 1197 3313 rerum

24 3348 26 3439 ξ
110 3359 263 3423 coniuncta
281 3359 464 3422 necessitate
474 3359 627 3425 fictionem
641 3359 815 3421 excludant.
859 3358 985 3420 Accedit
998 3377 1059 3420 non
1074 3359 1196 3422 omnino

24 3450 26 3547 ss
110 3465 306 3545 inprobanda
328 3467 512 3560 coniectura,
533 3484 624 3547 posse
638 3466 796 3529 etiamsob
808 3466 902 3528 variis
916 3464 1087 3528 nominibus
1105 3483 1196 3528 unanr

24 3566 26 3649 i
110 3589 267 3650 lemnam
287 3574 407 3651 latere;
440 3589 529 3654 pnurn
560 3574 742 3654 praesertim
770 3572 966 3635 inveniantur
983 3592 1065 3654 quac
1086 3593 1106 3635 a
1129 3589 1197 3633 cor·
1237 3566 1241 3572 ’
1297 3577 1299 3581 ’

109 3680 186 3757 poris
207 3681 258 3743 vel
281 3680 375 3751 aniani
397 3680 596 3747 facultatibus
617 3688 737 3761 sumpta
767 3672 835 3759 esse
856 3687 961 3761 pateat
971 3728 984 3755 ,,
1009 3687 1042 3742 ut
1068 3678 1198 3762 Parrha,

110 3785 248 3865 Glycera,
272 3790 401 3870 lmlagc,
420 3790 551 3851 Neaera.
594 3788 708 3852 Virilia
727 3788 849 3851 nomina
863 3789 895 3851 in
911 3786 1200 3865 comininum-nisi

24 3870 26 3917 ³
111 3909 183 3976 prae
202 3898 340 3959 virororu
364 3894 612 3978 ‘suntgestarum
632 3914 734 3960 rcrunr
754 3897 919 3978 splendore
954 3895 1115 3972 nobilium,
1140 3914 1204 3959 uon

24 4108 26 4173 l
141 4108 185 4178 53)
207 4107 292 4160 Caum.
315 4105 336 4172 l,
354 4110 397 4172 22,
410 4109 495 4178 llaqq.
517 4175 519 4179 ‚

142 4202 188 4272 ot)
207 4203 293 4259 cmm.
311 4203 344 4268 ll,
366 4205 406 4257 13.
428 4205 474 4270 lli,
495 4207 521 4270 4,
541 4206 583 4258 27.
603 4204 650 4271 ill,
669 4201 697 4270 Β,
717 4204 741 4258 7.

141 4297 185 4367 55)
205 4296 251 4363 111,
272 4300 297 4365 4,
313 4299 416 4368 25sqq.
543 4316 544 4323 ¹

24 4422 25 4429 κ
141 4392 185 4463 to)
203 4392 290 4446 cerm.
308 4394 329 4459 1,
348 4393 375 4461 6,
395 4395 434 4448 17.
454 4394 475 4459 l,
497 4395 538 4458 19,
556 4392 637 4462 9sqq.
655 4393 688 4460 ΙΙ,
709 4393 750 4459 ta,
772 4394 868 4471 lquq.
888 4391 922 4458 ll,
939 4396 966 4459 t,
986 4394 1086 4462 dirqq·
1109 4391 1154 4457 ln,
1173 4392 1200 4456 3,

202 4465 247 4517 oo.
283 4464 363 4533 apoc.
385 4467 419 4531 u,
437 4468 462 4530 a,
482 4466 525 4517 oo.
