3117 5042
413 376 547 443 ΗΒΑ.
591 377 741 449 calttt
764 380 862 446 xvn.
882 382 994 448 xvut

356 558 478 625 Vitatis
499 566 604 622 aestus
624 565 658 621 et
676 558 738 621 hle
760 560 839 623 'l'etn

400 667 490 729 ilices
512 667 693 731 laborantes
716 666 749 730 in
773 686 836 731 nno

299 792 332 834 so
435 776 610 858 l’eselooen
630 779 823 864 ubresrnqne
842 779 963 851 Cirta.

358 908 414 970 iiio
433 907 604 975 innocentis
626 913 740 994 mla
759 912 863 976 heshii

356 1016 455 1079 linces
474 1017 531 1081 snb
552 1020 682 1096 umbris,
704 1039 762 1083 neo
785 1021 955 1085 Semeleius

396 1123 472 1189 (lun
490 1126 595 1190 blarts
614 1129 782 1211 reabundet
802 1130 970 1208 Thyoneus

438 1234 584 1311 Proelia,
602 1254 660 1299 nee
677 1244 796 1301 netues
817 1246 996 1321 protervam

303 1381 334 1426 as
355 1364 507 1449 Suspecta
527 1365 661 1451 cmm,
682 1389 722 1432 ns
742 1372 824 1434 maie
845 1371 963 1454 dispari

355 1474 582 1539 incontinentes
602 1476 722 1544 inliciat
740 1497 850 1542 manus

396 1582 439 1645 Εἴ
458 1583 580 1647 scinrlat
603 1584 780 1649 haerentem
801 1605 948 1651 coronent

439 1690 585 1756 Crinibus
606 1694 848 1779 inmeritamque
867 1702 994 1761 vesun.

528 1960 732 2040 Carmen
754 1965 873 2041 xvnl.

239 2131 382 2208 Nubant,
407 2133 509 2211 vars,
529 2152 623 2198 sacra
643 2134 708 2198 rite
729 2135 816 2217 priuos
836 2100 955 2197 serenis
967 2135 1121 2200 'arboren

237 2239 330 2304 Circa
354 2241 427 2304 ruite
444 2242 543 2305 solum
565 2242 691 2311 Tiburis
711 2249 743 2305 et
764 2241 885 2307 moenia
905 2240 1017 2307 Catili:

150 2380 224 2451 Τοῖα]
243 2378 301 2446 lyra
319 2379 490 2433 Anacreontis
510 2380 584 2445 Teii,
603 2382 677 2434 cuins
697 2388 752 2433 tota
769 2382 858 2448 poesis
877 2380 926 2432 iuit
944 2383 1077 2434 amatoria.
1102 2412 1138 2423 -
1165 2381 1246 2434 obre-

147 2467 240 2519 aanne
272 2450 376 2522 Circen]
411 2451 572 2519 splendidam
601 2453 682 2503 instar
704 2453 764 2503 vitri
786 2459 813 2503 et
830 2452 989 2517 formosam,
1020 2452 1066 2503 sed
1093 2466 1161 2520 qnae
1188 2466 1247 2503 curn

148 2519 294 2589 splendore
310 2523 370 2574 vitri
388 2521 556 2590 fragilitatem
568 2524 717 2591 coniungat.
755 2523 799 2574 Sic
817 2523 869 2574 Sat
889 2523 923 2587 ll,
941 2521 968 2587 3,
987 2522 1040 2575 222
1057 2523 1125 2574 lama
1144 2529 1185 2573 est
1202 2522 1245 2573 ei·

146 2602 214 2644 nea
254 2594 288 2643 cl.
309 2592 393 2644 Carra.
412 2592 459 2656 lli,
482 2594 523 2660 13,
544 2594 567 2643 1.
590 2625 623 2637 -
644 2594 739 2664 Lesbii]
760 2594 835 2656 vini,
854 2593 924 2661 qnod
942 2594 1068 2646 innocens
1088 2592 1246 2661 appellator,

147 2665 210 2732 quia
227 2665 291 2715 mite
311 2672 352 2715 est
369 2672 455 2731 neque
472 2665 505 2715 iis
524 2664 569 2732 qni
588 2678 620 2716 eo
638 2672 746 2716 utuntur
764 2671 851 2715 uocet
888 2665 994 2717 Graecis
1015 2673 1100 2717 eutem
1113 2664 1181 2716 vinis
1191 2664 1248 2716 lio·

147 2736 218 2786 mani
239 2733 377 2786 utebantur
394 2734 490 2786 multis.
522 2762 557 2776 -
595 2735 671 2788 elaces
701 2751 752 2787 non
772 2733 893 2804 „largius
912 2734 986 2787 bibes
996 2742 1019 2800 ⁴¹,
1046 2735 1093 2789 sed
1112 2733 1177 2786 nihil
1195 2735 1247 2787 nisi

148 2805 240 2869 „bibes
260 2822 318 2856 curn
335 2804 495 2871 voluptate!
514 2805 547 2856 cl.
567 2804 651 2857 Germ.
684 2807 713 2871 V,
737 2805 841 2870 1214.
872 2836 904 2849 -
941 2808 1082 2859 Semeleius
1101 2804 1243 2876 Thyoneus}

148 2874 255 2928 Semele
280 2876 357 2927 etiam
381 2876 487 2942 Thyone
513 2874 664 2940 dicebatnr3
696 2880 784 2945 itaque
803 2875 854 2927 dno
874 2875 1080 2949 perquirente&
1104 2878 1246 2928 coniunxit.

151 2945 392 3010 morimarusam
414 2944 546 3016 Thyoneus
567 2963 618 2999 non
637 2958 735 3000 temere
753 2948 901 3014 appositum
920 2955 976 3008 est;
994 2963 1054 2998 nam
1062 2946 1182 3013 Thyoneo
1194 2960 1246 2997 no·

152 3033 212 3070 uren
231 3018 329 3069 iactum
345 3034 407 3069 esse
422 3026 495 3084 patet
512 3032 527 3069 a
547 3018 629 3069 verbo
647 3021 740 3083 θύειν,
758 3018 855 3068 lnrcre.
884 3016 1049 3085 significator
1068 3018 1147 3085 igitur
1165 3016 1246 3082 btror,

148 3089 175 3139 in
193 3104 273 3157 quem
293 3090 338 3156 qui
363 3090 426 3140 rino
450 3089 526 3140 nimis
548 3088 621 3140 indul
642 3098 688 3140 ent
716 3087 802 3141 solent
824 3088 937 3151 coniici3
963 3086 1032 3141 unde
1053 3088 1245 3139 incontinentes

148 3158 251 3226 proelis
264 3161 382 3211 miscent.
401 3190 437 3201 -
457 3158 526 3211 mole
537 3104 646 3233 dispari]
667 3158 707 3214 ile
723 3159 792 3212 isole
812 3158 871 3210 adv.
890 3174 949 3211 curn
967 3158 1072 3212 isileiot
1088 3158 1247 3212 verboten-

150 3230 246 3299 inngas
264 3232 356 3283 conier
375 3230 428 3283 Sat
448 3231 470 3296 l,
486 3229 514 3297 3,
532 3229 577 3282 31.

572 3323 722 3378 Carmen
746 3323 838 3377 xv111.

219 3419 290 3472 casn
309 3418 421 3487 quedam
439 3426 569 3471 servatum
589 3420 665 3473 nohis
683 3428 724 3471 est
742 3421 915 3488 fragmentum
932 3420 1043 3484 Alcaei,
1069 3419 1144 3470 cuius
1164 3416 1246 3468 verba

148 3491 183 3544 ah
200 3491 309 3544 iloratio
329 3492 411 3558 primo
429 3490 505 3542 huius
525 3492 646 3543 carminis
664 3506 742 3543 versu
762 3491 863 3543 reddita
883 3506 943 3543 esse
959 3497 1075 3558 apparet
1110 3488 1158 3540 Est
1177 3489 1246 3539 enim

148 3562 192 3617 hic
211 3577 305 3614 versus
322 3562 369 3625 (cl.
381 3561 574 3614 Schneidewin.
587 3560 639 3613 del.
653 3562 779 3627 p.277.):
801 3564 901 3629 Μηδὲν
918 3561 984 3616 ἄλλο
1003 3560 1149 3630 φυτεύσῃς
1168 3557 1245 3627 πρό·

147 3651 233 3705 τερον
251 3631 389 3701 δένδρεον
405 3634 531 3703 ἀμπέλω.
568 3630 606 3684 Ex
627 3646 679 3700 quo
698 3640 725 3683 et
743 3631 880 3685 verborum
900 3640 927 3683 ot
938 3633 1012 3684 metri
1030 3635 1243 3681 consensnrecte

147 3713 237 3757 tamen
256 3702 322 3754 nihil
342 3702 443 3754 cilicias
464 3701 535 3754 alind
554 3704 605 3753 nisi
617 3702 776 3755 utlloratins
795 3700 864 3755 hunc
881 3702 972 3755 Alcaei
991 3716 1104 3764 versum,
1124 3713 1201 3766 quem
1211 3712 1245 3750 ex

146 3776 280 3844 irequerni
300 3773 414 3825 lectione
424 3775 555 3825 memoria
574 3781 674 3825 teneret
685 3812 694 3839 ,
722 3773 753 3825 ad
780 3790 852 3825 suam
872 3790 926 3825 rem
945 3771 1095 3825 adhibuisse
1115 3767 1243 3820 videatur.

147 3848 223 3912 Quae
241 3861 285 3899 res
305 3844 390 3913 qualis
411 3843 491 3895 inerit
510 3846 531 3897 si
551 3860 670 3913 quaeras,
692 3845 833 3911 suspiceris
851 3846 945 3897 Varum
962 3842 1051 3895 villain
1067 3839 1181 3908 aliquam
1199 3838 1245 3891 Ti-

146 3918 280 3970 burtinam
299 3917 375 3967 novis
393 3914 475 3968 hortis
496 3930 589 3967 ornare
614 3914 773 3984 arboresque
798 3915 834 3968 ihi
854 3930 943 3967 serere
960 3916 986 3966 in
1006 3913 1092 3965 animo
1111 3909 1243 3963 hahuisse.

146 3991 236 4057 Atque
256 4001 290 4039 aa
316 3984 423 4053 quidem
451 3987 592 4037 occasione
614 3987 649 4036 ita
667 4002 730 4037 nsns
749 3985 947 4047 cathenatus,
973 3991 1002 4037 nt
1019 3982 1053 4035 de
1069 3983 1197 4033 contrarie
1218 3981 1245 4034 vi

146 4075 226 4128 qnam
244 4060 271 4109 in
292 4059 392 4108 animos
417 4055 549 4108 homiuum
567 4055 675 4108 haberet
700 4057 754 4108 vini
783 4073 846 4109 usus
874 4055 957 4122 lyrica
982 4056 1082 4109 ratione
1108 4052 1243 4119 scriberet.

146 4131 236 4195 Quare
262 4129 385 4179 carminis
410 4135 589 4195 argumentum
617 4127 658 4179 his
675 4126 834 4196 Theognidis
851 4125 971 4180 versihus
1003 4130 1043 4197 (v.
1059 4122 1160 4194 509sq.
1180 4124 1244 4178 edit.

145 4200 279 4267 bekker.)
301 4197 436 4250 commoda
454 4197 608 4250 reddamust

258 4268 345 4331 Oinoe
361 4270 519 4342 πινόμενος
536 4263 649 4329 uovlo'r
664 4265 760 4323 κακὸν·
779 4264 815 4332 ἢν
832 4267 865 4322 ‹tt
878 4287 920 4328 ssa
940 4262 1029 4325 αὐτᾶν

256 4345 338 4413 Ilius
357 4342 561 4413 ἐπισταμένως,
581 4337 616 4394 ου’
637 4336 728 4393 κακὸν
745 4338 805 4392 ett‘
824 4338 951 4409 ἀγαθόν.

151 4411 214 4476 buis
232 4410 327 4465 ’ἵστω
344 4410 438 4476 inerit,
466 4410 518 4461 dici
545 4425 597 4463 non
615 4418 718 4479 potest;
743 4411 909 4479 suspicantur
928 4410 1034 4480 quidem
1053 4409 1163 4463 eundern
1184 4419 1245 4458 esse

152 4481 341 4550 omnebiinur,
357 4481 392 4543 de
409 4496 461 4553 qno
479 4496 584 4537 mrmen
603 4488 644 4535 est
661 4480 679 4534 Ι.
698 4480 720 4547 Ι,
738 4478 782 4537 24.
