3117 5042
503 409 832 476 insusurra·
1138 417 1202 479 525

110 592 233 658 valdius
261 590 375 674 diligat
403 596 457 654 ant
486 592 610 656 taciiius
636 593 770 656 sufficiat
798 595 924 675 negotio
954 602 986 656 et
1004 599 1103 678 magis
1124 618 1203 681 qnae

110 705 235 784 agendo
255 708 328 764 sunt
345 706 433 764 earet
456 700 524 764 sine
544 701 611 764 uiis
628 701 836 768 ostentatione
858 703 1005 782 agendi.“
1055 706 1086 766 is
1106 705 1203 784 igitur

109 819 202 874 natus
223 816 293 874 erat
310 829 340 874 a.
359 812 433 888 1⁰5,
455 809 560 871 consui
584 828 613 873 a.
626 827 656 871 u.
671 809 750 885 7893
772 827 869 891 qnare
888 811 915 872 si
935 812 1110 875 vicenarius
1124 833 1202 878 uxo·

107 938 173 982 rem
196 919 293 997 duxit,
313 918 404 982 mnis
423 922 593 985 ruo-rso
611 917 705 979 ilium
719 917 834 979 babere
854 919 953 999 potuit
968 925 1203 984 17-20annos

108 1035 225 1090 nanum
266 1028 344 1090 Nem
366 1025 425 1089 boc
443 1025 517 1088 mibi
539 1041 660 1107 quoque
682 1032 798 1090 certunm
820 1025 951 1102 videtur,
971 1028 1113 1091 embsam
1133 1046 1201 1090 esse

107 1137 191 1200 banc
210 1134 371 1216 epistolam
395 1132 541 1197 extremis
563 1133 647 1196 vitae
677 1134 771 1194 aunis·
793 1134 934 1210 Horatii3
968 1154 1148 1218 quamquam
1171 1138 1207 1226 in·

107 1243 169 1305 bac
190 1259 311 1323 qnoque
332 1259 368 1303 re
395 1241 454 1304 siri
483 1241 564 1303 docti
583 1241 618 1302 in
646 1231 710 1303 siia
740 1240 844 1303 omnia
871 1241 1085 1306 discesserunt.
1141 1245 1204 1308 Alii

109 1350 191 1413 enim
212 1350 339 1414 Satisne
356 1349 383 1425 i,
407 1353 428 1412 d
450 1365 571 1410 versum
591 1353 634 1410 03
657 1348 854 1428 arripucrunt
883 1356 913 1410 et
936 1360 1115 1431 comparata
1137 1372 1203 1415 utun

108 1458 257 1522 extremis
277 1456 366 1538 primi
385 1455 458 1519 iibri
478 1456 645 1538 primisque
665 1457 790 1518 secundi
805 1457 912 1519 satiris
926 1456 1075 1538 epistotae
1091 1468 1203 1524 natura

107 1568 191 1630 bunc
220 1565 333 1629 librum
365 1564 563 1644 compositum
596 1563 777 1626 iudicarunt
805 1566 929 1646 vigente
958 1567 1049 1628 etiam
1082 1568 1203 1632 Horatii

107 1681 214 1738 aetate
235 1681 266 1738 et
287 1673 546 1752 anteperfectum
568 1672 699 1733 aiterum
727 1672 893 1734 satirarum
921 1672 1050 1750 librum3
1082 1675 1113 1736 iu
1143 1693 1205 1756 qna

107 1802 145 1845 rc
177 1782 247 1846 ideo
273 1795 463 1862 magnopere
490 1784 652 1855 errarunt,
684 1778 764 1860 qnod
796 1778 1028 1860 dispositionem
1056 1782 1206 1861 epistolae

107 1892 260 1954 incertam
281 1888 521 1960 ¹sibitinneruut
543 1894 574 1947 et
596 1905 717 1968 uagom.
769 1888 834 1950 inm
857 1905 932 1948 vcro
959 1889 1004 1950 ita
1024 1869 1206 1970 comparato

107 2007 180 2060 toto
207 2003 272 2071 est,
293 2001 546 2058 utsenescentem
570 1994 631 2056 iam
655 1994 813 2056 videamus
836 2002 977 2075 poetam,
1011 2016 1031 2058 a
1055 1997 1202 2059 faciendis

107 2104 296 2170 carminibus
316 2104 379 2168 iam
399 2101 611 2177 abstinentem,
635 2119 762 2182 prorsus
783 2102 911 2165 eundem
930 2117 1019 2184 quem
1042 2105 1124 2166 aiter
1140 2106 1206 2187 epi.

66 2207 69 2210 ’
107 2214 260 2278 stolarum
288 2211 368 2275 liber
388 2210 427 2271 de
448 2210 539 2272 simili
559 2227 596 2272 re
619 2209 776 2271 docentem
791 2210 934 2273 ostendit.
978 2210 1041 2273 Alii
1060 2213 1205 2275 extremis

107 2320 344 2387 Horatii-annis
367 2318 478 2384 librum
494 2319 666 2380 coniectmn
690 2316 810 2398 quidem
833 2321 953 2381 mortno
971 2319 1089 2380 demum
1112 2327 1204 2400 poeta

107 2437 238 2495 cerame
259 2431 399 2510 Augusto
424 2427 565 2488 emissum
586 2444 655 2488 esse
674 2425 819 2500 eredunt,
846 2426 902 2487 sod
924 2426 1019 2488 urnis
1041 2428 1205 2508 praesidiis

106 2541 233 2604 omnino
253 2536 400 2602 destituti.
443 2537 548 2617 Neque
558 2533 580 2596 ii
600 2533 677 2597 satis
700 2532 934 2596 considerarunt
954 2535 1103 2615 epistolas
1127 2536 1205 2597 scrin

108 2659 183 2732 ptas
206 2665 267 2709 nou
295 2646 399 2708 sotere
429 2643 460 2706 in
482 2642 603 2705 scriniis
622 2640 758 2702 cobiberi
780 2641 834 2702 scd
856 2643 934 2704 mitti
957 2643 996 2704 ad
1023 2660 1076 2704 eos
1093 2643 1204 2724 quibus

108 2745 380 2833 essent‘soriptae.
424 2749 628 2826 possesione
647 2747 846 2829 epistolarum
864 2748 903 2810 ad
924 2748 1095 2828 Angustum
1116 2747 1203 2812 etad

108 2865 241 2931 Florum
265 2860 405 2941 exempla
425 2858 566 2940 Augusto
580 2857 716 2919 eti-'iuro
732 2856 828 2921 missa
846 2863 926 2931 sunt,
950 2857 996 2919 ita
1011 2857 1101 2919 etiam
1115 2857 1203 2919 buins

109 2971 264 3056 epistolae
286 2967 447 3031 Pisonibus
465 2973 549 3027 certe
570 2972 602 3027 et
622 2965 696 3028 aiiis
717 2965 824 3027 amicis
845 2964 1130 3044 exemptumdatum
1145 2972 1203 3027 est

108 3081 334 3153 wodanem,
367 3079 466 3139 utrum
499 3073 649 3155 epistolae
671 3072 711 3134 ad
739 3072 1106 3154 Augustonemetum
1138 3092 1205 3137 eum

109 3193 171 3254 bac
193 3187 375 3250 coniunctae
395 3191 427 3244 et
447 3182 546 3245 Sosiis
556 3179 769 3242 divendendne
790 3179 924 3241 traditae
937 3179 1000 3241 sint
1020 3197 1125 3254 neone,
1146 3199 1206 3262 ego

109 3316 190 3362 vero
211 3283 309 3377 neque
341 3292 498 3355 offirmare
530 3290 626 3352 ausim
656 3305 754 3370 neque
775 3306 902 3369 negare.
960 3289 1037 3351 Nam
1067 3307 1106 3350 ne
1136 3289 1206 3351 inde

108 3407 232 3491 quidem
253 3400 416 3485 quidquam
440 3406 556 3501 certum
577 3402 631 3459 aut
652 3396 720 3459 veri
741 3396 841 3459 simile
867 3396 947 3458 effici
977 3404 1095 3477 potest,
1125 3396 1204 3478 quod

107 3518 142 3580 in
163 3511 319 3577 codicibus
341 3510 460 3573 incerta
482 3505 553 3568 huic
565 3504 715 3586 epistotae
727 3506 818 3567 sedes
838 3502 940 3581 esst).
985 3503 1070 3578 Quod
1084 3502 1205 3584 quidem

162 3734 193 3799 ⁹)
215 3728 254 3780 De
276 3740 328 3793 que
346 3739 374 3774 re
391 3723 558 3785 mirenuper
574 3715 789 3768 Wnickenserius
810 3714 933 3783 (histoire
951 3712 984 3763 de
1005 3710 1030 3763 in
1048 3713 1091 3764 vie
1110 3721 1136 3763 et
1156 3712 1203 3764 des

219 3821 324 3890 poesies
351 3793 583 3867 nitescenti.
603 3827 629 3879 p.
652 3811 704 3864 549
720 3820 790 3877 sq.):
819 3810 919 3875 ‚dipsis
940 3806 973 3874 in,
991 3816 1057 3859 mort
1082 3808 1209 3860 d’iiorace

219 3932 253 3969 on
272 3915 357 3966 riunit
377 3927 409 3963 en
431 3926 466 3960 nn
496 3907 552 3959 seni
578 3907 644 3957 livre
661 3921 722 3956 sous
741 3904 766 3955 ie
785 3920 844 3955 nom
872 3902 995 3970 d’ipodes
1024 3903 1064 3954 ies
1083 3902 1146 3953 odes
1164 3904 1207 3956 in·

220 4013 304 4063 editos
324 4007 386 4076 qn'ii
403 4007 474 4057 avait
491 4003 600 4055 inissees
622 4000 708 4052 et'ies
728 3999 792 4051 odes
813 3998 931 4066 pnbiiees
962 4000 1125 4064 separemeni
1143 3997 1207 4051 duur

221 4122 250 4160 sa
265 4105 400 4170 januense,
420 4101 483 4152 mais
502 4097 564 4166 qu'ii
587 4095 684 4148 n'ovnit
701 4095 774 4160 point
794 4094 905 4145 admises
923 4093 985 4143 daus
1003 4108 1046 4144 ses
1063 4101 1155 4160 quatro
1173 4093 1208 4143 ii-

218 4217 281 4253 nres
298 4198 397 4250 d'odea.
433 4196 545 4262 L’epitre
563 4208 613 4242 nux
630 4191 721 4243 Pisons
739 4197 813 4239 entre
838 4189 1057 4239 necessnirement
1086 4187 1149 4238 dens
1178 4202 1209 4238 ce

215 4293 315 4349 recueil
341 4292 478 4360 posthumo
503 4289 549 4340 des
577 4288 681 4354 poesies
709 4284 732 4334 d'
747 4284 848 4334 iiorace
876 4291 902 4333 et
923 4283 961 4333 fut
984 4283 1075 4349 pincee
1093 4297 1125 4332 en
1147 4282 1207 4332 tete.

219 4393 327 4445 Comme
347 4403 381 4440 on
399 4403 433 4438 ne
453 4385 559 4451 pouvait
579 4390 670 4432 mettre
687 4395 732 4430 ces
760 4379 857 4444 epodos
887 4394 920 4429 ou
940 4394 984 4429 ces
1011 4378 1074 4430 odes
1098 4376 1209 4427 ineditos

219 4487 339 4556 qu'epres
358 4482 384 4536 lc
402 4479 501 4534 recueii
524 4479 607 4530 entier
625 4474 671 4527 des
691 4472 774 4536 odes,
800 4470 819 4521 ii
840 4472 977 4523 s’ensuivit
995 4484 1046 4537 qne
1070 4470 1155 4538 quand
1174 4485 1208 4521 on
