3117 5042
484 1451 527 1527 Q.
558 1447 731 1513 nonnuli
768 1447 911 1515 macer

274 1676 1128 1779 OARMlNUM

490 1988 632 2052 nmmo
664 1983 891 2069 ouranos,

621 2207 750 2222 w

563 2347 761 2447 Carmen
799 2353 825 2429 l·
922 2436 924 2441 ⁴

309 2454 311 2456 .
337 2454 541 2567 intermissa,
564 2490 688 2566 Venus,
707 2491 760 2553 «tir

428 2601 548 2662 Rursus
570 2597 654 2661 bella
675 2600 805 2661 moves?
827 2597 942 2679 Parce,
963 2617 1075 2683 precor
1093 2617 1215 2684 precor.

444 2758 447 2763 ’
518 2822 520 2824 v
593 2756 798 2819 Camenis
870 2752 902 2787 Ὗ

197 2883 303 2936 Scimus
321 2879 703 2945 cxsueronisnsfloraritrirs,
721 2887 841 2948 quartum
859 2881 1001 2932 carminum
1018 2879 1112 2935 librum
1128 2883 1239 2952 Augusti

135 2963 235 3022 rogatu
252 2952 287 3007 cb
306 2952 411 3003 llorstio
429 2950 607 3017 superioribus
623 2951 705 3003 tribus
723 2951 838 3003 additum
858 2966 926 3005 esse.
955 2953 986 3004 ln
1004 2967 1056 3021 qua
1072 2966 1102 3004 rc
1120 2969 1179 3005 cum
1196 2956 1239 3006 vi-

135 3025 232 3076 dentur
251 3021 405 3091 probabile,
434 3022 580 3089 Augustum
598 3021 625 3073 id
643 3038 690 3074 sua
706 3024 790 3089 msgis
808 3037 884 3090 quam
903 3031 998 3090 poetae
1017 3039 1096 3076 causa
1113 3023 1241 3091 voluisse,

135 3098 196 3148 veri
217 3094 379 3147 simillimum
397 3101 437 3144 est
456 3093 525 3160 quod
546 3107 562 3143 a
582 3092 731 3145 scholiastis
749 3093 877 3158 traditur,
904 3102 1012 3162 propter
1031 3111 1062 3147 ca
1083 3098 1196 3148 earmina
1212 3097 1241 3149 in

135 3165 235 3234 quibos
253 3165 496 3232 Augusti'eiusque
517 3164 695 3231 privignorum
716 3163 811 3218 laudes
827 3174 961 3231 canantur,
979 3160 1125 3219 scilicetne
1143 3176 1239 3236 poten-

135 3239 232 3289 tissimi
252 3244 280 3288 et
298 3235 388 3302 optimi
408 3235 572 3300 imperatoris
590 3234 718 3286 voluntati
738 3236 817 3303 plane
837 3236 950 3303 deesset,
968 3239 1050 3289 totum
1069 3237 1240 3291 libmmemi-

138 3306 210 3360 sisse
230 3307 373 3359 Horatium.
419 3305 470 3368 Qui
497 3321 556 3356 oum
586 3304 695 3370 lyricam
719 3322 792 3359 susm
810 3309 903 3375 poesin
921 3323 1028 3375 parvum
1046 3316 1074 3361 ct
1090 3312 1240 3363 amatorium

133 3394 198 3430 esse
219 3390 411 3445 saepenumero
431 3374 493 3426 olim
513 3379 722 3443 pronuntiasset,
739 3393 794 3429 non
811 3380 896 3446 potuit
914 3380 1002 3431 lacero
1022 3382 1086 3447 quin
1106 3376 1172 3433 libro
1191 3381 1239 3432 ud-

133 3450 214 3501 ‹leret
234 3449 360 3500 amatoria
382 3447 460 3498 etism
487 3447 618 3511 carmina,
644 3451 700 3500 sire
726 3452 842 3499 recentia
871 3451 928 3501 sire
950 3465 983 3500 ex
1001 3452 1078 3516 ‘copia
1095 3452 1238 3518 superioris
1264 3497 1267 3503 ⁴

133 3521 265 3587 temporis
286 3519 431 3585 desumpta.
467 3516 523 3568 Huc
540 3526 642 3584 speetst
659 3519 769 3584 primum
789 3534 894 3586 quoque
913 3519 964 3570 boc
981 3532 1106 3585 carmen,
1123 3521 1193 3589 quod
1210 3531 1240 3574 ut

132 3587 246 3659 prologi·
262 3590 370 3641 munere
388 3591 541 3654 iungeretur
560 3591 730 3654 compositum
750 3596 790 3639 est
807 3596 867 3656 post
884 3589 986 3657 reliqua
1006 3590 1082 3643 huius
1101 3590 1160 3642 libri
1180 3607 1239 3644 cur-

132 3665 207 3713 mina
226 3676 250 3712 s.
271 3677 297 3712 u.
317 3660 379 3723 741,
404 3674 462 3710 cum
481 3658 573 3710 librum
595 3660 710 3709 editurus
730 3660 791 3726 quid
810 3660 923 3711 lectores
942 3667 1095 3727 exspectare
1105 3661 1239 3726 deberent,

132 3732 200 3801 quid
221 3747 276 3787 non
296 3729 422 3782 deberent
442 3739 521 3796 poeta
538 3729 623 3797 palam
643 3727 816 3796 profitendum
834 3730 884 3781 sibi
904 3746 963 3782 esce
978 3731 1152 3788 arbitraretur.
1172 3731 1242 3784 Dicit

133 3806 227 3867 euim,
245 3802 414 3870 praeteritum
433 3801 483 3853 sibi
503 3816 562 3852 csse
579 3810 697 3868 tempus,
722 3815 774 3868 quo
791 3815 892 3853 amores
913 3800 1072 3853 celebrasset
1090 3811 1117 3854 ct
1133 3803 1240 3866 rinum3

132 3874 290 3926 senescenti
309 3874 360 3923 lam
378 3880 406 3923 et
423 3873 522 3922 atenui
544 3874 638 3922 amoris
657 3871 716 3922 lusu
735 3871 823 3922 alieno
841 3876 898 3940 (vv.
917 3870 1033 3925 29-32.
1050 3873 1077 3926 6.
1090 3874 1120 3940 7)
1142 3874 1240 3924 ceden-

133 3944 197 3997 dum
219 3958 281 3995 esse
302 3957 366 3994 vere
385 3942 650 4008 lyriciscarminibus.
676 3941 751 4006 Quod
768 3957 922 4010 quamquem
942 3943 968 3993 in
988 3942 1093 3995 homino
1111 3944 1255 4017 quinqua-¹

132 4018 210 4083 mota
228 4015 288 4066 lere
304 4029 387 4065 annos
406 4018 467 4063 noto
486 4014 652 4065 verissimum
672 4022 736 4077 eret,
758 4012 898 4079 lyricorum
912 4018 997 4063 tamen
1007 4016 1148 4066 carminum
1159 4014 1237 4083 quale

130 4088 160 4138 in
180 4088 271 4138 snimo
294 4086 350 4136 eius
368 4085 523 4136 remanserit
541 4084 716 4149 desiderium,
735 4083 813 4136 simul
832 4085 960 4136 indicatur
977 4084 1095 4151 Ligurini
1117 4087 1239 4153 imagine.

132 4157 228 4211 Posuit
247 4164 328 4224 poeta
347 4154 439 4221 lyram,
457 4155 503 4205 sed
523 4156 629 4205 invitus.
666 4154 730 4206 lmlc
747 4155 866 4223 Ligurini
885 4158 971 4221 imago
991 4170 1024 4207 ex
1033 4158 1161 4223 superiori
1171 4164 1242 4207 tcm-

119 4234 203 4296 'porc
224 4232 349 4279 revocata
370 4227 427 4278 dios
445 4233 590 4293 noctesque
607 4233 714 4293 poetam
731 4228 857 4294 sequitur.
903 4225 1041 4289 Quamne
1060 4227 1138 4278 crode
1155 4227 1240 4278 llore-

133 4302 202 4350 tium
222 4308 286 4351 tunc
307 4314 366 4349 curn
393 4297 524 4349 scriberet
549 4297 600 4348 boe
621 4312 725 4348 carmen
745 4296 898 4364 Ligurinum
916 4298 1038 4348 iuvenem
1056 4312 1172 4360 amesse3
1197 4299 1242 4348 ni-

132 4373 230 4421 mirum
251 4369 370 4438 ligurini
397 4382 492 4419 nomen
520 4376 629 4436 proptor
653 4367 785 4418 decimum
814 4376 917 4433 carmen
943 4366 1006 4418 olim
1030 4370 1170 4437 scriptum,
1197 4368 1242 4419 ‹liu

132 4442 291 4506 repositum,
308 4448 371 4493 tuno
388 4447 539 4493 revocatum
558 4438 617 4512 aliis
635 4441 718 4506 magis
737 4438 844 4506 placuit.
875 4437 1001 4491 Consulto
1022 4443 1098 4493 etism
1112 4436 1241 4510 „dulcium

132 4520 221 4563 mater
237 4527 318 4566 soors
337 4510 511 4580 Cupidinum‘6
529 4513 586 4564 ub
605 4526 638 4564 ox
655 4510 738 4568 Germ.
759 4510 780 4577 l,
801 4510 834 4565 19
850 4513 934 4580 petite
954 4518 1003 4563 c'st.
