3117 5042
479 1469 521 1545 o.
553 1467 725 1533 nonum
762 1470 904 1565 resecr

269 1676 1120 1785 CARMIuUM

507 1974 647 2037 uleus
681 1973 863 2040 PRIMUS.

630 2200 756 2211 ...m-a·—

559 2393 753 2471 Csrmen
792 2399 817 2469 l.

218 2573 384 2635 Maecenas
405 2570 506 2634 atavis
527 2570 609 2632 edite
630 2570 774 2653 regibus,
851 2636 856 2647 ,

222 2682 249 2742 0
270 2688 301 2743 et
322 2679 506 2762 praesidium
528 2688 560 2742 el
580 2679 669 2742 dulce
691 2679 784 2741 decus
803 2697 912 2757 meum,

591 2855 732 2911 Carmen
756 2856 777 2912 l.

213 2963 334 3015 Horatius
352 2963 494 3016 lleeceuati
514 2970 567 3014 tres
585 2961 666 3014 libros
685 2964 828 3014 canniuum
845 2961 960 3013 edendos
981 2960 1030 3013 boc
1049 2966 1164 3016 carmine
1183 2967 1227 3017 in·
1244 2982 1255 2993 ¹

129 3037 246 3103 scripsit,
263 3052 315 3104 qno
335 3034 409 3085 simul
429 3035 473 3103 qui
493 3033 587 3085 lactum
609 3042 687 3099 esset,
708 3034 777 3085 uted
799 3035 889 3101 poesin
905 3034 1065 3100 potissimum
1083 3050 1225 3089 conversus

129 3108 214 3159 alium
232 3109 302 3158 sitae
323 3121 425 3158 cursum
445 3120 497 3156 uon
517 3113 634 3170 teneret,
652 3105 790 3157 ostendere
809 3105 913 3166 studuit.
957 3104 1068 3156 Diversa
1098 3123 1157 3158 esse
1176 3107 1227 3159 luo·

129 3181 231 3230 minum
249 3180 285 3229 nit
312 3179 437 3246 ingenis,
465 3175 530 3228 alios
551 3175 609 3229 aliis
629 3177 719 3228 studiis
739 3177 814 3228 trahi.
862 3175 901 3227 lle
929 3191 979 3243 qus
1006 3176 1156 3230 diversitate
1172 3186 1227 3233 tres

131 3251 208 3319 quasi
227 3249 355 3317 quaedum
373 3248 477 3301 tabulae
495 3256 682 3315 proponuntur,
700 3264 767 3316 quae
788 3250 940 3299 contrarium
960 3248 1090 3300 homiuum
1110 3259 1227 3303 naturum

130 3330 159 3372 et
176 3319 336 3371 uoluntatem
355 3321 431 3387 ipsse
448 3318 552 3370 habent.
589 3320 628 3370 Ac
654 3321 736 3385 prims
760 3319 865 3388 quidem
884 3318 997 3369 ostendit
1021 3319 1156 3385 hemines,
1182 3323 1226 3390 qui

129 3392 237 3443 laudem
256 3390 384 3459 publicant
413 3399 544 3442 sectantur
571 3389 613 3440 vel
640 3392 756 3443 victoriis
775 3393 802 3441 in
829 3389 896 3442 ludis
923 3389 1035 3456 publicis
1059 3394 1223 3458 reportandis

130 3464 253 3534 (Graeci)
270 3462 312 3514 vel
334 3478 395 3513 aurs
413 3460 531 3531 populari
559 3461 685 3528 captanda
702 3460 910 3529 muneribusque*
928 3462 1049 3528 gerendis
1081 3464 1225 3531 (Romani),

130 3550 191 3585 cnm
210 3536 295 3602 iisque
315 3535 448 3601 coniungit
466 3532 531 3585 ulios
550 3532 709 3584 cumulandis
727 3532 825 3583 divitiis
845 3532 1018 3584 deditissimos
1037 3534 1225 3603 (v.3-10);

129 3606 215 3657 altera
234 3607 366 3672 componit
384 3603 525 3671 agricolam
543 3606 626 3671 patrio
651 3618 714 3672 egro
733 3613 882 3655 contentum
902 3619 959 3661 eum
978 3612 1055 3654 usuta
1074 3602 1139 3655 lucri
1157 3605 1226 3656 laci-

129 3677 192 3729 endi
211 3676 353 3743 cupiditate
373 3678 470 3744 agitato
486 3683 525 3742 (v.
550 3676 683 3744 11-18)‚·
701 3677 776 3726 tertia
796 3675 908 3726 illustret
925 3677 1003 3726 vitum
1014 3674 1143 3726 hominum
1155 3677 1227 3729 etio·

129 3764 219 3799 sorum
239 3756 346 3799 naturae
363 3745 564 3799 iucunditatibus
584 3747 720 3797 fruentium
739 3748 898 3814 ingenioque
909 3744 1106 3812 indulgentium,
1124 3745 1225 3799 stallos

131 3828 280 3886 comparat,
304 3821 349 3888 qui
368 3821 481 3886 quietum
498 3820 576 3868 silom
597 3826 751 3885 spernentes
771 3816 898 3869 bellorum
926 3825 953 3868 et
972 3817 1137 3869 venationum
1154 3827 1225 3871 metu

129 3906 164 3941 ac
181 3892 310 3942 uarietate
327 3890 424 3941 malunt
442 3889 565 3941 delectari
585 3894 621 3957 (ν.
646 3888 770 3957 19-28).
808 3891 837 3940 ln
855 3889 947 3956 quibus
965 3887 1112 3938 ordinandis
1131 3888 1226 3942 tabulis

129 3962 202 4014 lrunc
220 3963 337 4012 ordinem
356 3962 477 4012 uidemus
495 3968 612 4012 secutum
633 3976 691 4011 esse
710 3960 850 4022 Horatium,
870 3968 898 4010 ut
916 3973 993 4027 quum
1007 3956 1225 4014 aletilundienutu

130 4034 245 4085 dominis
263 4033 295 4083 ad
312 4032 440 4099 agricolas
460 4033 547 4098 parvis
567 4032 636 4098 egris
658 4039 804 4093 contentos,
821 4030 914 4081 deinde
935 4045 950 4080 n
968 4028 1224 4098 lucricupidouauts

129 4105 164 4157 ad
184 4106 299 4156 otiosum
318 4103 448 4155 hominem
466 4104 602 4166 transiret,
627 4101 676 4152 lrac
694 4104 750 4168 ipsa
770 4101 912 4151 tabularum
932 4101 1004 4167 quusi
1023 4104 1091 4153 serie
1110 4106 1225 4156 varieta-

129 4185 183 4229 lent
202 4175 347 4227 studiorum
368 4174 471 4225 humani
489 4175 593 4241 generis
609 4174 774 4240 exprimeret.
811 4173 863 4223 lam
882 4186 946 4221 vero
966 4186 996 4221 se
1013 4176 1226 4241 quequehabere

127 4248 193 4300 dicit
212 4262 265 4315 qne
286 4253 422 4308 tenestem
443 4248 533 4312 poesin
552 4260 581 4296 se
602 4245 722 4295 sdeurere
740 4259 771 4295 sc
782 4252 916 4309 tantopere
935 4242 991 4293 eius
1004 4243 1224 4313 uoluptatesper-

127 4322 234 4387 cipere,
264 4327 294 4368 ut
311 4316 402 4369 relicta
419 4325 487 4369 tem
506 4317 536 4368 ed
557 4315 658 4367 coelum
682 4330 763 4384 prope
789 4313 909 4365 evolasse
927 4313 976 4365 sibi
995 4315 1121 4368 videatur.
1166 4317 1223 4381 Quo

127 4390 283 4442 dulcissimo
301 4392 380 4441 sensu
398 4403 429 4440 se
447 4388 584 4454 deceptum
606 4400 658 4437 uon
675 4387 893 4450 existimaturum,
911 4385 933 4437 si
954 4400 1020 4452 quae
1040 4403 1222 4440 csuerenusus

127 4464 180 4525 sit,
202 4475 218 4511 s
239 4458 392 4511 Maecenate
410 4459 496 4528 alique
518 4457 593 4513 laude
611 4457 690 4525 digna
708 4456 861 4507 iudicentur.

217 4546 248 4601 V.
271 4550 293 4599 l.
322 4548 416 4600 ‘stow
434 4547 546 4621 recides!
576 4547 593 4597 i.
613 4560 636 4597 e.
659 4545 740 4595 atavis
760 4560 783 4596 s.
804 4544 943 4598 maioribus
954 4583 963 4610 ,
983 4546 1026 4613 qui
1045 4558 1121 4612 reges
1141 4551 1223 4596 erent
