3117 5042
743 314 1028 380 unumunurn

574 493 689 556 Audita
710 494 867 557 Musarum
887 492 1034 556 sacerdos

621 601 802 684 Virginibus
821 602 985 684 puerisque
1007 607 1108 664 canto.

500 780 514 822 s
534 762 651 842 llcgum
675 759 878 823 timendorum
898 759 930 822 in
952 757 1096 839 proprios
1116 755 1249 838 greges,

531 870 633 950 Reges
657 868 689 932 iu
709 870 794 950 ipsos
813 866 972 948 imperium
993 872 1041 928 est
1060 866 1144 928 lovis

577 976 664 1042 Clari
686 975 843 1058 Giganteo
863 973 1036 1055 triumpho,

616 1077 733 1148 Cuncta
755 1081 921 1165 supercilio
940 1081 1101 1145 moventis.

534 1237 592 1300 Est
609 1243 643 1298 ut
662 1237 730 1299 viro
753 1235 803 1298 vir
824 1234 917 1298 latius
937 1233 1062 1295 ordinet

484 1362 514 1406 ro
532 1345 673 1407 Arbusta'
688 1343 805 1417 salem,
828 1342 879 1406 bie
895 1341 1083 1424 generosior

573 1452 747 1540 Descendunt
766 1452 798 1514 in
818 1468 957 1532 eampum
978 1448 1113 1530 petitor,

617 1557 755 1623 llloribus
776 1560 827 1623 bie
847 1558 1015 1641 meliorque
1035 1560 1120 1620 fama

335 1719 361 1754 v.
382 1703 452 1771 deq.
473 1712 499 1756 et
518 1719 543 1757 v.
565 1706 694 1776 tlt-16).
722 1706 824 1759 Deinde
842 1706 1029 1775 transgreditur
1046 1706 1080 1758 ad
1098 1722 1131 1757 ea
1149 1720 1217 1774 quae
1231 1705 1292 1757 inde
1311 1705 1436 1757 ciliciam·

335 1782 384 1825 tur.
421 1774 585 1829 Manifestum
606 1786 646 1829 est
664 1779 750 1842 enim,
769 1794 803 1829 ne
824 1779 930 1829 summis
952 1778 1056 1848 quidem
1074 1777 1171 1829 divitiis
1189 1792 1277 1828 veram
1297 1778 1434 1843 procreari

1528 1669 1530 1693 t

1529 1713 1530 1745 l

337 1843 499 1911 felicitatem,
518 1863 585 1915 quae
602 1864 655 1900 non
669 1850 752 1916 possit
769 1850 879 1916 reperiri
897 1850 947 1899 nisi
967 1851 994 1900 in
1014 1850 1092 1899 animi
1107 1849 1268 1908 continentia
1280 1849 1306 1897 in
1321 1849 1437 1916 eiusque
1529 1859 1530 1902 l

336 1915 488 1981 comitibus,
506 1928 632 1987 perpetua
651 1928 678 1971 et
693 1922 799 1971 immota
817 1917 1003 1987 tranquillitate
1023 1927 1050 1971 et
1067 1921 1216 1988 nequitate3
1242 1917 1390 1984 cupiditate
1411 1927 1437 1969 et
1529 1932 1530 1950 ¹

336 1986 459 2038 aviditate
477 1989 542 2040 nibil
566 1991 639 2058 gigni
657 1992 707 2042 nisi
721 1993 871 2042 continuum
889 1992 1006 2042 timorem
1026 2006 1058 2041 ac
1076 1998 1181 2042 metum.
1219 1988 1293 2041 Felix
1307 1990 1394 2056 igitur
1413 1991 1436 2040 is
1529 2033 1530 2040 ,

336 2056 407 2109 solus
418 2066 466 2123 est,
482 2062 526 2127 qui
545 2077 622 2127 quam
640 2061 705 2113 baec
722 2063 775 2113 sint
791 2077 853 2112 vera
872 2061 930 2113 sibi·
940 2062 1069 2128 persuasit
1088 2062 1200 2128 ideoque
1219 2060 1251 2112 iis
1272 2059 1349 2111 rebus
1366 2075 1437 2128 quas

335 2128 521 2181 benevolentia
534 2132 641 2183 deorum
659 2135 761 2199 accepit
778 2140 914 2184 contentus
932 2148 985 2184 uon
1004 2134 1108 2200 quaerit
1126 2145 1233 2198 magnas
1245 2146 1309 2197 opes
1328 2147 1437 2182 earum-
1529 2189 1530 2192 Ἴ

337 2215 388 2268 que
407 2199 518 2253 labores.
538 2233 571 2245 -
597 2203 784 2270 Argumentum
810 2205 930 2263 carminis
949 2203 1020 2255 clare
1037 2204 1197 2269 propositum
1217 2210 1258 2252 est
1278 2203 1304 2251 in
1321 2204 1438 2269 septima

337 2270 457 2337 stropha3
483 2287 535 2340 qua
552 2289 581 2324 re
597 2289 693 2326 novum
715 2276 792 2325 etiam
816 2274 955 2341 praebetur
979 2274 1160 2325 documentum
1187 2275 1351 2337 sententiae,
1387 2289 1438 2341 qua

335 2343 443 2408 primam
462 2344 592 2411 stropham
609 2359 666 2407 cum
695 2361 742 2396 sex
767 2344 923 2395 carminibus
951 2345 1158 2411 coniungendam
1184 2359 1244 2395 esse
1264 2359 1344 2410 supra
1365 2343 1437 2395 dixi-

334 2428 403 2464 mus.
439 2413 550 2465 llesecta
570 2417 637 2466 enim
657 2416 706 2466 bac
725 2416 831 2482 stropha
853 2415 971 2466 undecim
989 2424 1088 2467 restant
1107 2416 1228 2465 carminis
1247 2415 1333 2478 aliae,
1364 2430 1434 2482 qua-

337 2499 393 2534 rum
414 2500 481 2552 quae
499 2493 678 2554 argumentum
699 2487 778 2537 babet
796 2485 881 2537 media
901 2495 948 2538 est
985 2487 1060 2551 Quod
1079 2501 1113 2536 ne
1132 2501 1196 2536 casu
1213 2484 1310 2536 lactum
1330 2486 1436 2550 credas,

338 2555 430 2676 wilpa·
452 2571 529 2623 quam
553 2572 633 2625 saepe
656 2557 777 2610 Horatius
803 2573 866 2609 usus
892 2556 1000 2609 sithoc
1023 2557 1261 2625 componendorum
1289 2558 1438 2608 carminum

339 2634 458 2677 artreio.

408 2714 438 2763 V.
460 2714 482 2764 l.
510 2715 652 2781 posonem
667 2714 765 2787 uulgus}
785 2714 889 2766 Prolani
907 2721 967 2765 sunt
983 2728 1036 2764 non
1056 2713 1150 2764 initiati
1169 2713 1264 2774 sacris3
1284 2711 1328 2764 bic
1348 2715 1438 2783 sigui·

339 2783 448 2835 {icantur
463 2799 553 2834 omnes
572 2786 615 2851 qui
634 2792 720 2850 spreta
737 2801 806 2835 vera
818 2786 946 2852 sapientia
964 2785 1061 2835 vilibus
1080 2783 1178 2835 artibus
1197 2784 1276 2835 dediti
1297 2792 1369 2835 suut.
1405 2816 1439 2827 -
1529 2775 1530 2830 l

332 2854 424 2922 'functe
442 2854 550 2928 *tingunt
578 2854 620 2906 vel
633 2854 748 2906 tacendo
764 2855 812 2921 ,vel
831 2857 900 2907 bona
916 2854 997 2923 uerba
1015 2854 1143 2920 dicendo,
1171 2872 1206 2908 ne
1223 2854 1286 2922 quid
1303 2857 1330 2905 in
1353 2856 1438 2908 saeris
1529 2899 1530 2904 ,

341 2924 551 2977 babendismale
570 2925 623 2978 liat.
658 2926 721 2977 llam
740 2926 833 2978 Cicero
852 2927 885 2978 de
906 2927 987 2978 divin.
1008 2926 1042 2988 ll,
1062 2925 1114 2979 db:
1144 2927 1190 2991 ,id
1211 2925 1366 2989 silentium,
1394 2929 1438 2978 in·
1529 2959 1530 2962 =

340 2999 405 3065 quit,
423 2996 531 3048 dicimus
548 2998 574 3047 in
594 2998 726 3062 auspiciis,
747 2997 815 3066 quod
835 2997 904 3050 omni
924 2999 988 3049 vitio
1008 3006 1103 3049 carew
1123 2996 1157 3048 ci.
1177 2999 1247 3065 virg.
1268 2999 1336 3051 Aen.
1348 2999 1436 3065 v,71.

340 3067 387 3131 Vl,
406 3069 467 3120 258.
495 3098 530 3109 -
566 3068 708 3136 uirginibus
724 3072 873 3140 puerique]
892 3067 1045 3136 intelligunt
1061 3070 1217 3135 interpretes
1237 3068 1365 3133 eborum,
1393 3069 1438 3136 qni

341 3138 503 3192 sacerdotem
530 3139 618 3205 cingat
637 3137 780 3207 laudesque
797 3140 905 3196 deorum
924 3148 1006 3192 canat.
1044 3140 1149 3191 -Verum
1166 3138 1232 3191 nlbil
1250 3139 1294 3191 bie
1314 3149 1357 3191 est
1376 3153 1438 3191 ear-

267 3220 271 3230 ·
340 3211 470 3260 minuma
492 3205 571 3258 ebore
591 3210 681 3260 nescio
702 3227 753 3277 quo
772 3212 963 3272 canendomm3
980 3218 1094 3279 praestat
1112 3212 1192 3278 igitur
1209 3226 1314 3262 emnem
1335 3211 1380 3262 bic
1394 3212 1437 3262 vi-

342 3280 414 3330 dere
434 3279 594 3330 iuuentutem
620 3280 778 3347 Romanam,
803 3297 872 3350 qnae
897 3298 931 3333 ne
951 3284 978 3333 in
998 3281 1106 3333 eandem
1126 3283 1287 3348 perniciem,
1315 3284 1342 3333 in
1360 3297 1439 3350 qnam
1529 3331 1530 3348 ξ

342 3356 429 3417 p'atres
449 3349 615 3412 decidissent,
633 3349 797 3404 delaberetur
815 3368 892 3420 qnam
909 3355 1020 3405 maxime
1039 3352 1259 3405 cavendumerat.
1279 3383 1310 3396 -
1331 3360 1435 3422 greges]
1529 3389 1530 3406 2

341 3421 428 3489 Reges
449 3423 517 3472 enim
535 3430 595 3473 sunt
611 3427 745 3507 ποιμένες
767 3425 852 3478 λαῶν.
878 3457 908 3468 -
938 3424 1007 3475 clari
1028 3425 1154 3492 Gipostw
1173 3424 1310 3492 trbsupltc]
1329 3425 1388 3475 Hoc
1405 3438 1440 3475 ne
1529 3453 1530 3480 ς

320 3493 433 3545 'credas
452 3494 529 3544 inane
549 3509 609 3544 esse
627 3494 760 3561 epitheton
782 3495 889 3546 ornandi
920 3510 1000 3546 causa
1024 3496 1188 3562 appositum,
1213 3495 1382 3562 cogitandum
1399 3501 1440 3546 cst
1529 3489 1530 3548 ἶ

343 3563 425 3616 latere
451 3564 478 3615 in
496 3563 547 3614 boc
569 3562 628 3616 loco
650 3565 900 3617 commendationem
916 3565 1029 3634 aliquam
1057 3567 1215 3633 principatus
1235 3567 1368 3633 Augusti,
1393 3566 1438 3634 qni

342 3635 435 3688 eodem
452 3650 504 3702 qno
529 3634 646 3702 luppiter
672 3637 698 3686 in
727 3635 802 3687 coelo
820 3644 913 3704 regnat
929 3638 986 3688 iure
1006 3639 1133 3689 victoriae
1151 3638 1261 3689 devictis
1279 3638 1438 3689 adversaris

343 3715 468 3757 terrarum
487 3707 622 3772 imperium
639 3714 719 3757 tenet.
756 3706 831 3770 Quod
850 3723 933 3775 genus
954 3708 1183 3760 commendationis
1201 3710 1306 3776 saepius
1323 3709 1393 3760 redit
1411 3709 1439 3758 in

342 3777 382 3828 his
401 3792 447 3829 sex
466 3777 630 3828 carminibus.
648 3809 685 3844 ¹-
702 3779 851 3848 supercilio]
872 3779 905 3828 cl.
926 3779 1000 3829 Hom.
1022 3780 1053 3829 ll.
1073 3779 1094 3843 1,
1112 3780 1174 3832 528.
1194 3811 1223 3824 --
1246 3786 1338 3850 estrat]
1362 3783 1440 3834 ἔστιν

344 3845 397 3912 ὅτι,
418 3852 498 3903 ἔστιν
517 3845 614 3912 duum
635 3847 731 3899 accidit
750 3856 786 3899 ut.
806 3849 888 3915 Epist.
909 3849 930 3913 l,
951 3850 993 3914 12,
1011 3851 1037 3902 2.
1058 3875 1099 3895 -·
1124 3852 1241 3921 arbuta]
1262 3853 1375 3901 maxime
1394 3851 1437 3900 vi-

343 3935 401 3982 nee,
419 3921 519 3970 etiamsi
539 3919 591 3969 alia
611 3918 731 3970 arboreta
749 3934 802 3970 nou
822 3919 1001 3976 excluduntur.
1039 3921 1166 3972 Sciebant
1183 3930 1268 3972 eutem
1287 3920 1396 3972 illascri
1411 3922 1437 3971 in

343 3992 534 4058 quincuncem,
558 3999 587 4041 ut
615 3998 686 4041 certo
705 3991 773 4041 inter
792 4006 821 4041 se
840 3990 931 4042 ordine
949 3993 1107 4057 exciperent.
1140 3993 1208 4044 -lnde
1227 3993 1361 4043 ordinere.
1403 4021 1438 4034 -

341 4063 503 4128 peneresior]
521 4076 619 4128 genere
637 4060 759 4112 nobilior.
778 4091 811 4104 -
836 4068 962 4133 campum]
986 4064 1121 4126 Martium,
1144 4069 1173 4114 ut
1191 4063 1275 4115 Carnu.
1294 4064 1316 4126 l,
1334 4064 1361 4124 8,
1373 4064 1397 4113 3.
1417 4062 1438 4124 l,

343 4132 421 4194 9‚18.
442 4133 493 4185 Sat.
514 4133 534 4196 l,
556 4132 633 4195 1,91-.
653 4132 686 4195 ll,
704 4133 729 4195 6,
743 4132 787 4184 49.
806 4133 888 4200 Epist.
906 4135 925 4196 l,
936 4135 961 4198 7,
971 4133 1014 4186 59.
1036 4134 1054 4196 1,
1074 4133 1153 4198 11,4.
1170 4136 1200 4186 Α.
1219 4134 1246 4185 Ρ.
1262 4135 1321 4187 162.
1356 4135 1437 4197 Quat·

341 4212 400 4254 tuor
421 4203 550 4254 bominum
572 4218 669 4270 genera
687 4206 868 4267 nominantur,
899 4206 1011 4273 primunt
1025 4207 1069 4271 qni
1088 4222 1179 4272 magua
1207 4204 1303 4256 babent
1331 4204 1438 4257 laniun-

343 4275 405 4336 dia‚
432 4274 528 4325 deinde
557 4276 600 4340 qui
628 4274 759 4326 excellunt
785 4277 889 4342 generis
917 4275 1072 4341 nobilitate,
1103 4277 1155 4328 tam
1176 4279 1219 4344 qui
1239 4275 1357 4329 bouriues
1377 4276 1439 4327 nori

344 4347 398 4397 suis
418 4347 515 4397 meritis
534 4343 634 4411 suaque
657 4345 724 4395 lama
749 4348 879 4410 nituntur,
906 4347 1020 4415 denique
1046 4350 1090 4415 qui
1115 4347 1279 4399 multitudine
1306 4347 1439 4400 clientium

344 4416 451 4468 multum
469 4419 538 4468 inter
557 4417 630 4467 circs
648 4419 801 4469 auctoritate
819 4417 916 4470 valent.
936 4449 967 4462 -
1002 4418 1150 4494 meliorque]
1167 4419 1231 4470 xride
1250 4419 1282 4470 ad
1301 4420 1385 4471 Cam.
1405 4416 1440 4481 11,
