3117 5042
377 370 471 436 bin
495 372 546 436 tv.
589 371 737 440 edunt.
758 377 826 442 ΧΙΙ.
849 380 932 442 ΧΙΙΙ.
1136 384 1201 448 ἥδ

302 549 384 634 Spes
405 551 522 619 donare
543 571 642 619 nouus
663 555 773 637 largus
790 572 958 642 numque

250 677 283 721 uo
389 659 540 725 (lenm
562 663 666 725 eluere
687 665 810 729 eidcux.

307 809 355 871 dd
374 809 499 892 quaesi
520 828 671 895 properus
691 811 827 894 gaudie,
847 832 915 877 oum
934 820 989 879 tun

308 916 408 980 Velox
429 937 530 985 merce
554 919 643 983 veui:
663 938 726 984 non
746 938 806 1002 ego
826 928 859 984 te
879 921 954 987 meis

307 1025 470 1089 Immunem
489 1025 621 1090 meditor
641 1027 763 1109 tingere
785 1029 904 1113 poculis

384 1131 482 1198 Plena
501 1135 589 1198 dives
607 1141 642 1198 ut
662 1135 694 1199 in
713 1137 815 1201 domo.

251 1297 283 1342 us
303 1281 416 1345 Verum
438 1301 518 1364 pone
538 1301 642 1347 moros
661 1290 692 1347 et
714 1282 847 1347 studim
866 1284 965 1361 lueri,

306 1389 532 1474 Nigrommpue
553 1410 686 1471 memor,
709 1392 779 1455 dum
801 1392 892 1471 licet,
912 1392 1030 1474 ignium

305 1496 402 1560 nunes
421 1498 584 1563 stultitiam
604 1500 742 1563 consiliis
761 1500 907 1564 brevem:

389 1605 486 1669 llulee
506 1613 554 1671 est
574 1607 715 1690 desipere
733 1607 766 1672 in
787 1607 867 1671 loon

383 2000 416 2027 2
492 1959 691 2035 Carmen
720 1960 810 2033 Xlll.
891 2020 896 2031 .

308 2125 483 2204 Audivere,
503 2124 604 2204 Lyce,
624 2124 656 2188 di
677 2130 857 2203 mensola,
878 2124 910 2188 dr

306 2234 477 2311 Audivere,
498 2228 596 2311 Lyce:
616 2233 654 2294 lis
676 2251 755 2296 suus
779 2239 811 2295 et
832 2237 934 2296 minen

349 2340 404 2403 Vis
424 2343 563 2403 formosa
584 2336 684 2402 videri

388 2447 543 2531 bullisque
564 2455 597 2511 et
616 2446 695 2511 bibis
720 2447 880 2529 impudens

108 2621 193 2676 bilene
211 2626 286 2693 quusi
301 2626 446 2693 apotheosis
466 2634 547 2692 erunt,
564 2627 609 2677 ubi
626 2627 686 2677 vinu
705 2624 893 2677 vendebantur.
904 2655 937 2666 -
952 2641 1046 2677 amru
1066 2630 1199 2697 eorunm]

110 2695 170 2746 vide
189 2696 224 2747 sd
239 2695 324 2747 Canu.
344 2696 388 2761 lv,
407 2698 434 2761 4,
450 2697 495 2749 76.
522 2728 557 2739 -
584 2699 694 2749 stodiam
711 2696 791 2765 locri]
810 2698 879 2749 liele
895 2696 999 2763 quidam
1017 2712 1110 2749 seuero
1125 2698 1200 2749 vultu

110 2768 259 2833 cogitarunt
278 2768 311 2818 de
328 2768 388 2819 lictu
406 2769 516 2836 quadum
533 2768 634 2835 Virgilii
653 2769 809 2834 parsimonie
826 2775 871 2818 nul
888 2769 966 2818 nimiu
986 2769 1125 2833 pretiorum
1145 2770 1200 2820 rini

107 2844 133 2886 et
150 2838 278 2905 unguenti
299 2841 487 2890 aestimatione.
524 2838 597 2902 Ques
613 2838 721 2890 ridendo
740 2840 837 2903 scriptu
849 2847 916 2901 sunt,
934 2837 1042 2889 ridendo
1053 2841 1129 2889 etium
1141 2847 1202 2890 sunt

108 2905 235 2973 legeods3
253 2910 390 2959 nimirum:
412 2909 553 2977 „agedum
573 2911 665 2976 inquit,
687 2909 783 2960 festinus
801 2908 832 2959 sd
850 2911 1020 2969 convivium
1038 2908 1092 2958 noli
1116 2917 1201 2960 retur-

108 2976 161 3029 dsri
178 2994 276 3046 magno
296 2981 397 3046 pretio,
416 2982 477 3031 mihi
498 2989 583 3031 tumen
600 2982 688 3031 vinum
708 2981 793 3030 curius
813 2986 876 3029 est“
897 3010 926 3023 -
948 2980 1095 3047 niproium]
1112 2980 1203 3041 Quum

110 3062 216 3116 cunque
235 3049 268 3100 ud
290 3051 388 3102 iuleros
409 3052 539 3117 pertinent
556 3051 631 3116 nigra
647 3058 724 3112 sunt3
743 3051 824 3117 igitur
841 3050 918 3100 etism
935 3065 1068 3117 segusa·
1087 3052 1118 3100 in
1135 3048 1201 3132 loeo}

106 3118 281 3187 Aequubilem
297 3123 367 3172 vitae
387 3137 489 3173 cursum
509 3135 692 3188 nonnunquam
710 3130 782 3187 muta
801 3121 910 3187 quadum
926 3121 1035 3175 stultitia
1051 3122 1202 3187 interrumpi

106 3204 220 3243 necesse
238 3199 296 3255 est,
314 3192 361 3243 sed
378 3193 447 3244 iusto
467 3201 494 3244 et
514 3201 630 3257 tempore
649 3200 675 3242 et
695 3190 762 3243 loeo.
794 3191 900 3243 -Dicitur
918 3193 988 3243 enirn
1006 3192 1072 3255 luco,
1089 3193 1117 3243 in
1136 3191 1203 3256 keu,

107 3259 204 3394 (silpsstl.
222 3258 245 3325 1,
263 3261 288 3328 t,
308 3262 355 3333 57)
375 3278 422 3329 pro
438 3261 573 3315 commodo
598 3260 658 3313 loco
668 3300 677 3327 ,
702 3271 858 3329 opportune.
895 3263 957 3315 vide
977 3261 1079 3330 Zumpt.
1097 3278 1139 3331 pr.
1157 3262 1201 3314 lut

531 3435 686 3489 Gnrmeu
712 3434 782 3490 ΙΙΙΙΙ.

195 3538 305 3591 Etiamsi
324 3537 375 3589 hoe
393 3554 496 3590 carmen
518 3538 682 3592 referendum
701 3540 869 3591 videaturad
889 3539 936 3603 111,
955 3538 1010 3603 10,
1038 3546 1123 3589 tumeo
1142 3537 1205 3587 sutis

108 3606 192 3674 longo
209 3611 336 3675 temporis
354 3610 493 3661 interuallo
510 3620 570 3676 post
588 3612 769 3675 scriptumest.
805 3610 869 3663 Num
881 3624 950 3677 quse
964 3608 998 3659 ibi
1017 3616 1103 3659 seluto
1120 3608 1206 3659 duruit

107 3676 198 3742 Lyce,
218 3680 262 3729 bic
280 3695 345 3730 snus
364 3680 431 3732 luctu
449 3696 483 3732 ne
501 3682 572 3747 rugis
590 3679 694 3748 quidem
714 3682 768 3731 oris
788 3680 940 3743 deterretur,
957 3694 1009 3746 quo
1029 3680 1113 3729 miuus
1132 3692 1206 3729 smo-

108 3764 153 3799 res
171 3759 278 3801 nectere
297 3750 417 3813 studeut3
450 3761 570 3817 utquam
589 3753 651 3802 irum
675 3750 710 3800 ibi
732 3759 811 3818 poeta
828 3751 915 3815 Lycus
935 3752 1046 3800 minutus
1073 3755 1130 3811 est,
1148 3763 1205 3798 eum

107 3818 162 3869 boc
181 3822 297 3871 cennius
319 3821 414 3886 explet
460 3821 558 3884 Quodsi
579 3821 663 3872 corni.
687 3822 734 3884 lli,
757 3822 789 3873 10
807 3820 876 3885 Lyce
903 3836 996 3871 recens
1025 3827 1104 3884 nuptu
1124 3833 1206 3875 unnos

106 3887 198 3940 nabun
218 3891 254 3942 22
273 3891 317 3942 rel
335 3894 383 3956 23,
402 3907 470 3942 nuroc
489 3892 567 3942 lucile
587 3890 717 3957 duplicem
738 3892 834 3943 babere
854 3898 941 3958 potest
958 3905 1082 3942 sonorum
1112 3904 1206 3940 nume-

105 3975 181 4023 rum,
208 3970 236 4012 ut
255 3961 306 4012 boo
325 3977 428 4013 onumen
447 3977 515 4013 anno
540 3964 596 4013 lero
625 3962 674 4014 737
698 3962 740 4014 vel
759 3962 811 4014 738
829 3964 954 4028 scriptum
983 3977 1043 4011 esse
1070 3960 1204 4011 coniicias.

105 4030 230 4082 Abundat
247 4042 334 4083 nutem
353 4047 446 4100 lungun
464 4033 585 4090 irridendi
607 4041 633 4085 et
652 4032 792 4084 vellicandi
811 4032 899 4099 liguris
916 4040 942 4082 et
959 4032 1092 4092 artillcils3
1111 4032 1136 4080 in
1157 4045 1208 4097 qua

105 4116 137 4150 re
149 4116 200 4152 non
220 4105 284 4155 satis
293 4118 433 4169 possumus
443 4104 562 4154 admirari
573 4104 736 4170 frequentem
755 4113 781 4155 et
800 4113 900 4154 neutum
920 4103 1060 4154 litterarum
1078 4102 1089 4153 i
1107 4104 1209 4167 cupium

106 4172 138 4221 in
159 4174 246 4237 primis
266 4174 386 4225 versibus
408 4176 574 4239 conspicuum
596 4190 652 4225 curn
678 4175 843 4227 sibilantibus
866 4173 959 4225 litteris
978 4181 1004 4223 et
1033 4173 1127 4223 festivo
1147 4170 1208 4222 ludo

104 4241 248 4294 uerborum
267 4246 301 4308 fis
319 4246 409 4296 eleis.
456 4244 556 4295 Deinde
574 4244 794 4297 animadvertendi
817 4253 877 4296 sunt
894 4260 938 4298 vv.
964 4244 1081 4297 13-15
1101 4250 1209 4309 propter
1279 4270 1284 4274 ·

107 4311 323 4366 allitterutionern
342 4330 420 4382 quum
437 4325 533 4367 vocant
552 4314 736 4371 vocabulorum
755 4332 804 4367 nee
824 4347 858 4356 -
880 4332 982 4366 nec-
995 4315 1077 4378 notis3
1111 4328 1152 4365 vv.
1176 4314 1206 4364 ΙΙ

107 4383 182 4435 -20
202 4394 308 4451 propter
327 4401 376 4451 quo
392 4408 432 4427 2-
444 4402 491 4451 quo
512 4417 541 4427 -
565 4402 671 4451 qune-
687 4403 768 4453 puue;
786 4394 921 4452 praetores
940 4401 965 4437 v.
988 4385 1068 4437 lert
1088 4383 1210 4436 modium

104 4451 182 4517 Lyde
201 4487 231 4498 -
246 4456 370 4508 audivere
392 4456 524 4521 cheyu.
547 4456 579 4509 18
597 4457 666 4508 ttttus
687 4487 720 4500 -
740 4457 819 4522 ttttos,
840 4456 901 4510 alin.
