3117 5042
370 406 464 472 nte.
486 408 538 472 ll'.
576 407 724 475 ctum.
748 411 832 475 Xlll.
854 410 936 475 xlv.

300 576 471 649 (inaurare
492 586 615 651 fenest
656 587 720 651 Sed
742 588 878 655 Cineres
899 591 1015 659 breves

345 694 452 759 dunos
474 696 542 757 ists
564 694 716 758 dederuut

386 801 560 866 Servatum
580 802 632 866 diu
652 822 758 885 paren

248 993 279 1036 os
301 970 443 1038 Cornicis
464 977 590 1040 vetulae
611 977 801 1058 temporibus
819 979 944 1059 Lycen,

305 1084 432 1146 Possent
453 1092 487 1147 ut
509 1085 635 1149 iuvenes
658 1085 758 1148 visere
779 1087 893 1151 fervidi

344 1193 442 1255 Multo
464 1213 526 1257 uon
546 1196 620 1259 sine
634 1193 698 1259 riso

386 1300 544 1383 nitapsm
566 1303 597 1366 in
620 1303 739 1365 cineres
761 1304 869 1366 locem.
918 1295 923 1305 '

572 1493 752 1506 —nm

506 1689 705 1765 Carmen
740 1691 828 1765 xlv.

303 1865 390 1941 Quae
410 1880 486 1926 curo
508 1871 629 1943 pstmm
649 1882 768 1947 quaeve
791 1864 955 1942 Quiritium

305 1970 410 2035 Ptenis
430 1972 580 2037 honorum
598 1970 774 2063 muneribus
797 1977 888 2052 tuns,
960 2061 966 2072 ·

102 2160 179 2206 totan
199 2154 318 2219 corporis
337 2153 453 2218 speciem
471 2151 609 2219 signifieat
620 2180 653 2197 -
668 2150 789 2203 comico
807 2150 918 2223 notulas]
939 2152 974 2204 ol.
992 2148 1076 2206 darm.
1094 2152 1140 2217 lll,
1156 2152 1198 2220 1⁷,

105 2226 146 2277 13.
165 2256 200 2267 -
221 2224 349 2292 &epm
366 2226 395 2275 is
415 2225 517 2274 moeres
537 2226 633 2289 swero]
652 2224 696 2275 Sic
713 2222 746 2274 de
764 2223 853 2279 vetulo
871 2224 968 2276 lesciva
989 2222 1096 2276 liertial.
1116 2224 1199 2289 x‚9o,

104 2296 135 2347 2:
161 2296 254 2361 „Quid
272 2295 341 2346 busti
360 2296 462 2345 cineres
481 2295 517 2345 tui
538 2293 693 2346 lacessis⁴l“
728 2291 775 2346 Est
795 2296 872 2345 etiarn
891 2295 996 2363 aliquod
1013 2296 1199 2347 vocabulorum

103 2376 236 2418 certamen
265 2367 333 2417 inter
360 2366 474 2433 penisos
500 2366 605 2416 iucem
632 2373 659 2416 et
684 2365 751 2416 hooc
770 2364 896 2431 dilapsum
922 2368 949 2417 in
975 2368 1077 2418 cineres
1108 2366 1199 2419 locem

103 2436 155 2489 Fax
184 2439 255 2489 enim
283 2439 376 2488 amoris
402 2438 523 2487 iuventus
542 2444 599 2499 est;
626 2452 658 2487 er
679 2444 765 2488 autem
786 2437 813 2486 ia
831 2436 968 2489 iuvenibus
986 2438 1074 2504 ardet,
1102 2439 1130 2488 in
1147 2452 1199 2489 suu

102 2509 239 2561 combusta
259 2509 285 2560 io
305 2510 407 2560 cineres
427 2506 558 2558 dilabitur.
1050 2526 1054 2534 ·

532 2642 677 2695 Carmen
699 2641 764 2694 xlv,
824 2676 829 2681 -

168 2749 256 2816 Supra
274 2748 306 2800 ad
324 2763 428 2801 carmen
444 2746 479 2799 lv
496 2755 611 2798 notatum
633 2753 683 2807 est,
700 2761 753 2813 quo
770 2746 882 2798 consilto
900 2755 926 2800 et
943 2763 995 2816 quo
1016 2755 1134 2817 temporo
1147 2748 1197 2801 hoc

99 2835 203 2872 osrnren
227 2821 351 2886 scriptum
369 2821 409 2874 sit
448 2820 537 2870 tresot
554 2827 582 2869 ut
600 2818 633 2870 de
650 2819 841 2883 compositione
858 2819 976 2870 dicatur·
987 2819 1084 2885 „Tuss‚
1104 2822 1198 2890 inquit,

100 2894 208 2942 virtutes
226 2893 344 2959 Auguste
363 2906 450 2957 neque
469 2897 574 2941 senatus
594 2905 680 2957 neque
697 2887 809 2955 populus
828 2888 907 2957 digno
925 2897 1012 2957 potest
1031 2890 1197 2942 honore'co-

100 2960 159 3027 lere,
182 2963 244 3030 qnia
264 2964 388 3013 maximus
406 2977 435 3013 es
455 2975 621 3027 peromnem
642 2959 864 3010 terrerumorbem
880 2960 1010 3026 princeps.
1037 2960 1198 3029 Quod‘quam

101 3034 131 3083 sit
150 3049 242 3084 verum
261 3049 328 3101 quae
348 3036 431 3100 nuper
449 3039 523 3098 gesta
539 3038 600 3082 suut
619 3029 762 3081 clarissime
779 3029 994 3083 demonstrarunt.
1029 3031 1108 3083 Tuom
1127 3035 1196 3085 enim

102 3111 257 3169 potestatem
286 3111 423 3155 senserunt
449 3117 533 3169 nuper
559 3102 650 3152 invicti
679 3100 765 3152 adltue
783 3101 929 3165 Vindelici,
960 3116 1019 3153 cum
1046 3101 1146 3156 Drusus
1163 3103 1197 3156 ad

100 3190 200 3226 amma
218 3174 324 3241 Alpium
342 3176 403 3241 iuga
422 3175 569 3240 pertinaces
587 3172 675 3223 hostes
693 3172 815 3238 lugeret,
842 3172 959 3224 'liberius
977 3174 1078 3241 nogenti
1093 3174 1196 3242 proelis

100 3246 225 3297 inmanes
244 3246 340 3297 llaetos
358 3247 476 3296 vinceret
494 3243 619 3311 quidquid
638 3242 796 3294 obiiceretur
813 3251 981 3311 prosternens
998 3253 1024 3296 st
1044 3245 1102 3311 ipse
1118 3248 1195 3299 inco-

100 3315 184 3369 tants
222 3316 261 3368 'ln
279 3318 357 3380 enim,
376 3318 503 3382 Auguste,
524 3312 681 3381 praebueras
702 3315 727 3366 ei
743 3322 816 3365 tuum
836 3317 993 3377 exercitum,
1012 3324 1083 3368 tuum
1103 3319 1195 3369 oonsi-

99 3384 171 3451 lium‚
188 3395 250 3438 tuos
270 3387 342 3438 deos.
381 3387 474 3453 ldagoo
492 3394 519 3436 tu
538 3384 642 3452 quidem
661 3384 766 3436 deorum
785 3384 876 3437 lavore
894 3387 1002 3453 gaudes,
1019 3388 1063 3453 qui
1082 3388 1125 3440 vel
1148 3389 1197 3440 hac

100 3473 129 3508 re
146 3458 294 3509 ostenditur
311 3457 381 3525 quod
400 3471 431 3507 eo
450 3458 508 3523 ipso
526 3455 578 3518 die,
598 3470 649 3523 quo
669 3464 729 3507 ante
748 3456 896 3522 quindecim
913 3472 994 3511 annos
1011 3456 1196 3510 Alexandriam

101 3530 237 3595 ingressus
259 3544 326 3592 eras,
347 3526 464 3579 terribile
482 3527 532 3577 lroo
549 3524 647 3576 bellum
659 3526 854 3591 composuistit‘
891 3528 935 3579 Sic
946 3528 1065 3579 llorstius
1076 3543 1195 3595 magnam

101 3598 167 3651 hanc
187 3600 221 3650 de
238 3599 320 3651 Gallis
345 3599 479 3650 victoriam
511 3599 643 3663 sapienter
667 3604 694 3646 et
715 3597 824 3663 egregie
850 3599 985 3663 coniungit
1010 3612 1068 3647 cum
1094 3612 1127 3648 eo
1153 3598 1196 3650 die

98 3672 144 3737 qui
163 3672 283 3737 Augusto
301 3671 436 3736 inperium
454 3668 516 3719 olim
533 3668 611 3718 totius
628 3665 698 3716 orbis
718 3664 839 3727 dederst3
860 3667 886 3715 in
905 3682 957 3734 qus
975 3680 1004 3717 re
1022 3665 1195 3720 Romanorum

98 3743 183 3807 pictas
203 3756 256 3792 non
274 3743 358 3807 potnit
377 3756 430 3791 non
452 3738 541 3790 videre
559 3737 666 3789 deorum
688 3735 856 3788 voluntatem.
893 3739 1027 3803 Augustus
1044 3740 1193 3790 autemirn·

99 3814 202 3878 posim
221 3820 294 3863 tenet
313 3813 425 3863 omnium
446 3819 588 3872 terrarum,
615 3808 689 3859 cuius
709 3808 830 3873 potestati
862 3807 967 3859 obnoxii
998 3815 1058 3858 sunt
1077 3807 1193 3876 Hispani,

99 3882 185 3935 l’srthi
204 3891 231 3934 et
250 3882 315 3945 lodi,
333 3881 448 3948 Scythae
466 3882 482 3932 i.
494 3896 518 3931 e.
536 3894 625 3931 omnes
641 3876 730 3945 populi
750 3878 783 3927 sb
792 3877 934 3930 Occidente
950 3877 983 3928 ad
1002 3877 1116 3932 ultimum
1131 3879 1193 3932 Ori.

100 3956 166 4005 entis
185 3969 275 4015 orsm3
306 3954 439 4020 Angustos
465 3952 540 4020 quasi
563 3949 642 4001 decus
669 3957 695 4000 ot
720 3947 878 4014 praesidium
898 3957 939 3999 est
956 3947 1026 3999 urbis
1047 3948 1145 4002 Romae
1166 3959 1195 4003 et

99 4025 159 4075 urbs
182 4024 262 4075 Roma
291 4024 393 4074 domine
419 4030 460 4073 est
480 4031 622 4082 terrarum;
657 4019 725 4071 husto
743 4021 816 4071 timet
839 4019 929 4070 Africo
959 4017 1076 4089 (Nilus),
1097 4016 1193 4073 ⁸linaro-

100 4110 134 4160 pa
159 4095 270 4161 (Ister),
302 4096 365 4146 Asia
392 4093 517 4161 (Tigris),
546 4091 615 4142 hunc
642 4098 759 4142 metuunt
789 4091 965 4141 atrocissimae
995 4098 1104 4156 gentes,
1134 4092 1194 4143 Bri-

98 4160 187 4229 tanni,
205 4165 289 4229 Galli,
308 4164 377 4217 lberi
387 4203 395 4228 ,
410 4164 540 4216 Germani.
568 4192 603 4204 -
630 4162 775 4213 Perfectum
793 4162 898 4212 omnino
916 4170 943 4211 et
960 4161 1035 4228 qussi
1056 4163 1193 4215 rotondum

98 4245 138 4289 est
157 4252 268 4288 carmen
315 4237 405 4291 Altera
432 4243 458 4285 et
479 4232 629 4300 principalis
649 4247 729 4297 pars,
756 4231 884 4299 adquam
910 4230 1104 4284 sustentandam
1122 4235 1194 4299 prior

96 4305 186 4359 laudes
204 4307 336 4360 Neronum
358 4315 385 4357 et
405 4305 546 4372 praecipue
563 4303 656 4354 liberii
678 4311 798 4369 unquam
818 4309 969 4369 argumente
982 4302 1098 4368 praebet,
1115 4319 1193 4371 quatu

97 4392 184 4430 rerum
209 4380 244 4430 sit
264 4377 329 4428 illud
348 4375 416 4443 quod
436 4376 461 4425 in
479 4375 552 4425 initio
571 4375 691 4425 carminis
709 4374 820 4439 positum
838 4381 897 4423 est:
928 4389 1012 4439 opes
1026 4372 1067 4423 sol
1086 4373 1193 4429 tattia-

97 4447 158 4499 tito
178 4449 293 4501 illustrat
323 4464 403 4509 oras,
430 4447 540 4497 omisso
563 4446 724 4513 prescipto,
750 4443 902 4494 firmissimis
929 4436 1067 4495 sentemfis
1091 4445 1191 4510 probet.

97 4518 207 4571 Victoria
225 4523 295 4571 enim
312 4518 346 4569 de
364 4516 470 4569 Gallicis
488 4515 592 4584 populis
609 4523 740 4582 reportata
758 4515 922 4569 occasionem
940 4516 1024 4580 mames
1043 4514 1076 4565 sd
1088 4530 1192 4571 cernon

146 4619 249 4661 Horatius
264 4618 298 4660 ed
319 4616 477 4667 Dtllenburrer.
977 4623 1020 4690 ¹7
