3117 5042
460 366 552 431 ern>
572 368 611 432 ιι.
654 332 764 432 sur.
786 368 824 433 v.
1110 371 1173 435 rou

168 546 550 632 nonenoeane,
570 567 626 615 eo
646 549 741 614 nna
764 532 907 627 onoma
926 530 1022 614 aare

122 675 152 721 te
170 658 308 721 hiantes
329 650 465 735 siolaus,
487 675 541 721 seu
562 657 668 741 pingui
687 664 791 721 tentus
812 676 917 721 omaso

171 765 284 828 Furius
305 764 450 828 hibernas
473 784 553 851 caup
573 766 647 830 nive
664 772 813 848 conspuet
832 765 937 847 Alpes.

170 875 280 937 Nonne
301 874 397 955 rides,
419 874 532 959 aliquus
551 860 660 939 cubito
673 882 807 939 stenen
829 893 925 963 prope
945 876 1079 958 tangens

168 983 305 1066 boniet,
324 983 507 1066 abpatiens,
527 984 689 1048 ut-auicis
709 991 818 1066 aptus,
838 988 872 1045 nt
894 985 994 1048 aceri

168 1089 278 1154 Plures
298 1091 456 1155 auuabunt
476 1091 584 1156 molani
604 1099 635 1154 et
657 1093 775 1155 cetaria
795 1098 944 1155 crescent.
978 1114 983 1123 ·

117 1216 148 1260 ιι
170 1198 207 1262 Si
227 1199 277 1262 cui
296 1206 460 1281 praeterea
481 1192 601 1289 velidps
623 1194 703 1264 male
723 1201 808 1264 lilius
829 1200 861 1263 iu
882 1218 918 1267 re

167 1308 336 1371 Praeclara
356 1309 494 1372 sublatas
515 1309 638 1387 aletur,
658 1327 696 1371 ne
716 1298 910 1372 manifestum

168 1414 306 1479 caelibis
330 1416 508 1500 obsequium
529 1416 624 1485 nudet
644 1424 685 1493 te,
700 1418 818 1480 leniter
837 1417 870 1480 in
891 1400 976 1497 sp'en

172 1523 295 1605 Arrepe
315 1518 486 1603 dfficiosds,
507 1530 592 1593 utet
613 1525 752 1588 scribare
764 1524 917 1589 secundus
945 1574 947 1579 .

168 1631 267 1694 Heres
288 1634 320 1693 et
341 1633 369 1695 si
390 1632 456 1716 quis
477 1651 714 1715 omusepuerurr
736 1632 838 1715 egerit
858 1633 955 1710 Orco,

118 1758 148 1801 so
168 1741 203 1803 Ιιι
227 1759 357 1804 vacuum
378 1742 505 1805 nenias:
528 1759 658 1824 perraro
681 1741 758 1805 baec
778 1742 850 1805 alea
870 1741 963 1804 furia

171 1849 233 1925 Qui
256 1854 467 1912 immerentem
489 1849 671 1913 tradettibi
691 1868 812 1932 nmque
831 1848 1010 1932 legendum,

168 1954 315 2018 Abnuere
334 1961 364 2017 ei
383 1956 506 2019 tabulas
526 1975 546 2020 a
567 1964 598 2020 te
619 1936 780 2021 remouere
799 1964 965 2051 memento,

167 2063 223 2126 Sic
246 2042 349 2127 tamen
368 2069 402 2126 ul
424 2065 504 2128 limis
523 2066 629 2147 rapias
649 2065 720 2148 quaid
743 2057 845 2147 prima
863 2064 998 2128 secundo

171 2170 257 2234 Cera
276 2172 354 2241 velit
374 2189 485 2251 versu3
504 2174 598 2239 solua.
610 2174 754 2237 multisne
768 2152 938 2246 tuberes,-

125 2295 155 2340 ιι
177 2280 286 2343 Veloci
305 2298 451 2362 percurre
471 2283 569 2347 oculo.
613 2282 957 2365 Plerumque'recoctus

84 2461 171 2528 guitur
189 2458 293 2528 esc-qui
311 2456 427 2510 defendit
446 2458 554 2512 alterum
570 2462 597 2512 in
616 2460 728 2527 iudicio,
756 2461 778 2512 si
803 2458 948 2528 praesentis
975 2473 1079 2511 causare
1095 2456 1172 2509 norit

83 2533 166 2583 etsie
184 2537 317 2583 tueturut
335 2536 440 2585 suain.“
475 2531 663 2584 Pseudoascon.
686 2534 714 2583 in
732 2526 892 2583 Cic-Diria.
911 2534 938 2596 §.
961 2532 1020 2583 iis
1047 2529 1173 2581 Diversus
1210 2560 1212 2565 ·

82 2603 162 2665 initur
179 2616 196 2652 a
215 2609 384 2668 procuratore
402 2602 446 2669 qui
465 2602 579 2655 absentis
599 2619 702 2655 causam
724 2604 786 2671 agit
799 2633 834 2644 -
856 2603 1018 2672 older-osee]
1041 2601 1075 2653 Ut
1096 2599 1175 2651 irere-

83 2673 191 2727 ditateau
208 2663 324 2740 captanti
341 2671 517 2727 obdurandum
537 2689 596 2726 osse
613 2683 640 2726 et
658 2674 723 2726 solis
742 2682 820 2732 aestu
837 2666 866 2724 e't
881 2673 974 2743 hiemis
985 2672 1083 2740 frigore
1095 2686 1175 2738 prae-

83 2746 172 2811 cipiat,
194 2741 321 2810 singulari
337 2742 427 2809 lepore
444 2742 547 2796 numidis
560 2745 713 2814 quibusdum
726 2744 916 2796 elocutionibus
934 2746 1013 2796 utitur
1028 2744 1052 2795 ll
1072 2742 1177 2793 Furium

82 2813 246 2877 Bibaculum‚
264 2814 397 2880 turgidum
420 2813 493 2866 illum
509 2815 632 2884 Alpinum
652 2818 720 2884 (Sat.
737 2816 759 2880 Ι,
779 2816 822 2880 10,
840 2817 875 2869 36
894 2815 938 2867 ubi
954 2815 1039 2883 vide),
1064 2815 1174 2882 egregia

82 2886 223 2955 mouera·
234 2887 365 2939 irrisurus.
408 2884 471 2943 liam
491 2895 593 2953 praeter
612 2902 716 2943 versum
734 2886 793 2950 41,
819 2887 845 2936 in
866 2900 918 2954 quo
937 2885 1079 2938 salsissime
1101 2883 1189 2935 {ovis

84 2965 173 3024 partes
191 2956 224 3023 ad
244 2957 329 3022 ipsum
348 2955 450 3007 Furium
464 2957 602 3017 irmrslatae
620 2965 688 3020 sunt,
706 2959 762 3007 ueri
780 2956 867 3008 simile
888 2954 929 3008 est
946 2956 997 3008 alia
1018 2970 1122 3024 quoque
1142 2953 1175 3005 ab

84 3028 179 3087 eodern
198 3027 279 3078 Furio
296 3028 378 3092 petita
389 3040 465 3089 esse;
483 3027 759 3097 velatiinfenteaillae
776 3036 886 3091 atnam,
905 3030 962 3080 siue
974 3035 1059 3079 mutae
1078 3025 1174 3094 (Epist

86 3098 454 3166 11,2‚83)suntsiverecens
469 3092 561 3163 luctae
580 3102 669 3151 nescio
678 3098 741 3166 quid
752 3097 849 3150 habent
865 3100 991 3166 ineptiae
1005 3113 1087 3166 prope
1097 3111 1174 3148 mon-

83 3171 162 3222 strosi
188 3177 306 3232 ornatus,
324 3183 410 3236 neque
427 3170 510 3221 minus
523 3170 610 3222 elucet
626 3170 763 3238 malignius
782 3169 860 3237 paulo
879 3170 1015 3222 consilium
1036 3176 1130 3237 poetae
1144 3183 1177 3217 ex

82 3240 173 3295 verbio
189 3236 385 3310 pinqui'teetne
401 3256 495 3290 omaso
539 3241 568 3293 ln
586 3243 679 3309 quibus
702 3257 752 3309 ego
770 3256 834 3292 uero
852 3257 904 3297 nou
920 3243 1072 3310 negaverim
1089 3240 1177 3293 inesse

82 3312 210 3381 dilogianr
232 3309 359 3379 qualidum
377 3308 519 3378 a'corpor'o
538 3311 569 3362 ad
586 3313 697 3362 animum
713 3312 871 3371 translatam·
917 3312 983 3365 Boni
1008 3313 1077 3369 enim
1099 3308 1176 3359 Biha·
1288 3307 1290 3310 '

82 3383 144 3447 cuii,
168 3383 215 3452 qni
236 3379 391 3447 „Bibaculus
413 3388 439 3431 et
459 3390 513 3432 erat
534 3389 560 3433 el
577 3382 732 3453 vocabatur“
752 3383 830 3446 (Plin.
842 3382 880 3447 ll.
900 3383 931 3435 N.
950 3382 1046 3451 prael.)
1065 3393 1176 3444 corpus-

82 3455 172 3507 culum
190 3452 305 3505 soriasse
325 3466 375 3501 non
396 3453 478 3517 magis
497 3460 626 3503 extentum
647 3461 701 3517 erat
718 3451 773 3516 vili,
795 3461 822 3503 ut
835 3453 949 3520 maligne
967 3452 1037 3507 addit
1047 3448 1177 3509 lloratius,

82 3540 176 3579 omaso
192 3523 391 3605 quamanimae
411 3523 526 3575 ridiculis
545 3521 699 3595 imaginibus
716 3522 840 3590 repletus.
879 3574 884 3587 p

153 3629 186 3680 v,
208 3626 254 3677 ab
284 3626 377 3679 ιΙιιιιιιιι
414 3625 518 3679 Certum
539 3630 638 3695 piscem
654 3628 683 3681 iu
699 3626 839 3693 mreginem
859 3638 937 3690 supra
955 3623 1007 3674 ianr
1025 3625 1187 3689 usurpatam

82 3699 181 3756 intulit.
219 3697 347 3750 Similiter
365 3627 439 3765 Epist
467 3697 488 3760 Ι,
511 3701 535 3763 i,
553 3699 598 3751 79.
637 3726 670 3739 -
709 3696 836 3765 sublatas]
870 3695 940 3761 virg.
965 3693 1030 3747 Aen.
1050 3689 1095 3753 lli,
1113 3689 1174 3740 203.

80 3772 175 3825 Patres
194 3782 292 3820 recens
309 3776 388 3823 uiuos¹
403 3783 467 3834 quos
485 3767 520 3819 ali
540 3767 669 3821 iubebant·
681 3766 750 3818 humi
763 3769 879 3816 iacentes
896 3766 923 3815 in
935 3777 1021 3830 genua
1032 3759 1177 3817 tolleban23

82 3858 152 3911 quos
169 3840 285 3907 exponi,
306 3853 358 3889 non
378 3837 511 3891 tollebant
538 3870 571 3882 -
602 3838 714 3908 tobalea]
733 3837 888 3889 testamenti.
925 3861 960 3885 ,-
995 3833 1082 3900 priate
1101 3831 1175 3896 mul

81 3912 185 3981 „prima
204 3909 315 3972 tabula,
344 3924 404 3960 nam
431 3911 457 3959 in
484 3911 581 3977 primae
607 3910 712 3962 tabulae
729 3906 844 3963 secundo
863 3921 941 3957 uerau
961 3901 1064 3954 heredis
1081 3910 1178 3980 nomen

81 3984 263 4037 continetur.“
295 3980 390 4031 oenoe
409 3981 490 4047 coep.
521 4015 556 4024 -
588 3983 745 4051 plenosque]
765 3978 908 4030 bisantem
926 3975 1011 4026 cautio
1030 3981 1180 4035 necessarie

80 4064 131 4119 est,
152 4069 190 4106 ne
210 4052 244 4103 ab
264 4058 351 4102 asnato
369 4051 479 4118 quodam
492 4050 601 4117 ‘homine
619 4053 767 4118 decipiaris,
788 4054 815 4098 ut
833 4046 927 4098 Nasica
943 4060 961 4097 a
976 4042 1087 4095 Corano.
1124 4036 1178 4087 Fe·

81 4129 153 4178 stira
172 4131 269 4176 uetera
289 4128 318 4172 ut
335 4121 421 4175 futura
437 4123 590 4173 vaticinatur
607 4123 725 4174 Tiresias.
771 4118 892 4175 Celerum
919 4123 991 4167 vetat
1013 4113 1063 4164 hoe
1082 4107 1180 4160 adver·
1215 4122 1217 4131 ¹

81 4198 157 4250 bium
186 4210 223 4245 ne
241 4194 302 4260 quis
320 4191 447 4243 Coranum
469 4192 578 4244 scribam
602 4209 661 4245 esse
683 4201 709 4244 et
729 4190 847 4243 Nasicam
867 4198 946 4238 corvo
966 4182 1076 4236 indicari
1097 4182 1181 4244 putet.

80 4270 131 4322 lici
153 4280 227 4334 quae
247 4261 401 4330 plerumque
418 4263 447 4313 lit
463 4279 540 4314 unum
560 4263 707 4330 exemplum
725 4261 834 4313 Nasicae
850 4258 959 4310 additur.
985 4287 1021 4299 -
1051 4253 1186 4330 recoctus}

81 4337 198 4404 Quintil.
216 4334 320 4399 ximo,
341 4334 375 4386 7:
405 4333 566 4401 „Apollonio
587 4332 702 4396 bloionl,
720 4346 797 4400 quern
815 4330 912 4382 Romae
931 4341 1035 4397 quoqne
1054 4318 1182 4378 audierat,

79 4408 171 4465 Rhodi
191 4421 285 4465 rursus
306 4402 466 4465 formandum
483 4420 515 4455 ac
531 4404 604 4456 uelut
626 4402 814 4471 recoquendum
830 4400 901 4452 dedit
920 4406 963 4470 (se
975 4394 1109 4459 &cerel-⁶¹
1144 4383 1184 4436 ΕΣ

58 4544 63 4553 ,
80 4497 138 4552 qua
157 4479 265 4532 lonuae
282 4477 424 4528 mutatione
450 4473 534 4529 facilis
552 4476 673 4529 transitus
692 4475 725 4527 ad
741 4473 861 4525 astutiam
878 4481 905 4525 et
922 4469 1093 4524 calliditatem
1108 4469 1186 4526 qum
