3117 5042
367 401 432 464 141
728 395 1109 462 ΙΡΙΕΤθΙιΑΒῦΜ

447 579 604 647 intendet⁴
616 579 748 644 mimum
769 579 881 643 studiis
901 586 933 643 et
951 578 1045 644 teitus
1064 579 1220 659 honestis,

443 688 565 753 inuidit
580 688 635 757 ,vel
658 706 763 759 umore
782 688 859 770 vigil
881 689 1073 771 torquebere.
1119 689 1196 751 Nan
1219 708 1275 752 eur

446 798 532 873 Quae
557 796 681 859 laedunt
699 784 820 859 oculum
841 797 971 859 tostinus
992 796 1135 870 demere,
1156 795 1275 878 siquid
1384 872 1386 875 .

447 903 504 966 Est
524 903 682 980 animum,
705 903 809 966 differs
831 904 958 967 curandi
978 911 1097 985 tempus
1117 904 1149 965 iu
1168 907 1305 966 annoni

397 1029 427 1073 to
446 1011 610 1073 Dimidium
633 1011 708 1074 facti
730 1012 780 1093 qui
802 1008 902 1093 eoepit
926 1013 1037 1075 latet:
1057 1029 1171 1092 sapere
1192 1011 1288 1085 aude3
1329 1060 1333 1067 .

448 1119 561 1201 loeipe.
605 1118 663 1196 Qui
684 1126 770 1182 recte
790 1120 915 1182 vivendi
936 1127 1091 1201 prorogat
1110 1116 1230 1196 loram

448 1226 593 1289 Rusticus
611 1234 771 1308 exspectat
792 1227 863 1289 dum
884 1228 1001 1290 delloat
1021 1226 1138 1303 tmnis3
1158 1233 1193 1289 at
1215 1227 1272 1288 ille

447 1334 579 1399 Labitur
598 1336 773 1399 etloltotur
793 1334 825 1398 ia
845 1353 934 1397 omne
957 1328 1104 1398 volubilis
1123 1352 1242 1398 aarum,

447 1443 612 1519 Quaeritur
632 1450 795 1526 argeutum
813 1445 980 1526 puerisque
1002 1444 1095 1507 beata
1116 1442 1260 1506 meaodis

394 1567 424 1612 ts
447 1551 532 1614 llxor
553 1558 585 1614 et
602 1552 739 1616 incultae
760 1561 912 1635 puoontar
932 1570 1056 1615 vomere
1077 1553 1188 1614 siluae.

449 1659 537 1751 Quod
559 1661 638 1724 satis
659 1667 707 1722 est
729 1660 777 1723 oui
802 1662 971 1741 contingit,
992 1662 1036 1723 nil
1060 1660 1191 1741 amplius
1215 1662 1312 1740 optet.

448 1758 516 1830 lion
538 1766 645 1829 domus
665 1775 698 1830 et
720 1768 847 1846 fundus,
868 1787 931 1832 uon
953 1768 1037 1831 aeris
1059 1785 1189 1831 acerum
1204 1774 1237 1828 et
1257 1765 1324 1829 auri

450 1872 723 1955 Aegrotodomino
745 1876 875 1940 deduxit
898 1894 1030 1957 corpore
1052 1875 1177 1950 fetres,-
1272 1916 1274 1921 -

447 1981 514 2043 Non
535 1983 638 2045 animo
660 2002 767 2046 ouras:
790 1986 896 2048 valeat
917 2000 1079 2066 possessor
1099 1988 1232 2064 oportet,

396 2105 426 2150 to
446 2088 481 2151 Si
500 2091 703 2173 eomportatis
725 2093 818 2156 relus
840 2093 917 2157 bene
937 2093 1058 2173 eogitat
1079 2091 1132 2153 uti.

449 2197 508 2274 oui
528 2200 612 2282 eupit
630 2206 684 2273 aut
696 2201 825 2293 metuit,
845 2184 933 2265 iuvat
954 2201 1040 2263 illum
1060 2188 1112 2290 sio
1123 2198 1231 2260 domus
1253 2200 1286 2257 et
1307 2211 1370 2272 res„

451 2307 490 2368 [lt
515 2306 630 2389 lippum
651 2308 752 2391 pictae
775 2309 922 2390 tabulae,
942 2310 1078 2371 fomenta
1097 2305 1282 2389 podagram,

369 2483 523 2536 currendum
541 2485 680 2555 aliquando
699 2497 763 2541 estt‘
792 2488 826 2541 cl.
846 2488 930 2541 Garm.
949 2489 982 2557 ll,
1000 2491 1028 2553 2,
1048 2490 1089 2541 13.
1117 2518 1152 2529 -
1179 2482 1253 2554 viati]
1273 2480 1317 2549 ‚Si
1335 2490 1445 2544 ΜΡΝ·

368 2563 425 2621 pter
444 2555 636 2624 philosophiam
656 2560 818 2628 vigilaveris,
837 2570 943 2628 propter
961 2560 1085 2612 invidiam
1103 2566 1129 2611 at
1149 2571 1264 2608 amorem
1280 2551 1390 2602 dormire
1403 2562 1446 2599 noa

367 2628 481 2693 poteris“
501 2622 626 2698 Porpltyr.
667 2631 726 2683 Noli
745 2640 830 2685 tamen
851 2631 900 2682 hoc
918 2630 1064 2699 exemplum
1082 2630 1165 2697 magio
1184 2627 1217 2678 ad
1236 2623 1347 2677 Lollium
1363 2620 1448 2672 reione

369 2711 446 2762 quam
468 2696 577 2751 alterum
597 2698 740 2769 hydropiei.
776 2736 808 2748 -
844 2704 913 2754 llam
930 2709 988 2772 eur]
1015 2702 1079 2755 llam
1106 2700 1176 2768 quod
1199 2697 1232 2749 de
1253 2707 1363 2761 corpore
1381 2690 1450 2771 valet,

370 2765 437 2818 idem
458 2768 490 2819 do
509 2771 612 2835 anirn03
631 2774 658 2824 in
675 2782 787 2842 utroque
804 2775 919 2832 sonando
937 2773 1000 2826 nihil
1023 2770 1193 2825 cunctandum
1212 2775 1260 2821 est.
1277 2797 1310 2811 —-
1330 2765 1379 2831 esi]
1398 2761 1451 2821 elil»

269 2858 274 2873 ι
371 2841 499 2891 consumo
544 2841 617 2895 nom.
631 2844 662 2895 ιι.
685 2845 728 2908 vr,
746 2846 808 2898 ooo.
843 2834 897 2896 cn.
918 2845 993 2898 ruse.
1009 2844 1056 2909 ιιι,
1077 2844 1121 2908 ao,
1138 2842 1182 2897 oo.
1203 2873 1238 2884 ..
1256 2839 1285 2889 a
1303 2838 1408 2904 aemi
1425 2846 1452 2883 0¹

368 2911 509 2976 proverbio
526 2921 665 2981 sumptum.
700 2915 784 2982 Epist.
802 2917 886 2981 1,,11,
903 2917 946 2969 23.
963 2970 965 2975 ,

439 3005 470 3055 V.
491 3005 533 3060 40.
551 3010 629 3081 aude]
651 3009 684 3061 ab
702 3014 788 3062 animo
805 3012 933 3079 impetra3
952 3018 982 3061 ut
999 3008 1124 3061 Graecum
1144 3007 1258 3076 τολμᾶν.
1282 2999 1367 3068 Epist
1385 2999 1422 3079 ll‚.
1433 2999 1454 3059 2,

371 3075 431 3124 111.
462 3076 533 3144 virg.
552 3080 617 3131 nen.
636 3081 705 3145 vill,
725 3082 786 3135 361.
807 3112 839 3124 -
860 3084 982 3151 meires]
1001 3077 1109 3132 isidem
1128 3075 1190 3127 lacit
1207 3072 1277 3142 qu'od
1295 3068 1454 3124 rustiensrllo

370 3145 413 3211 (lul
433 3159 491 3207 Quot
508 3148 541 3197 ad
559 3148 654 3205 llutnou
674 3154 839 3218 pervenisset
856 3152 926 3220 quod
942 3166 1072 3219 nunquam
1092 3157 1152 3199 anto
1171 3146 1302 3208 vidisset,
1321 3159 1352 3194 se
1370 3154 1454 3206 exspo-

372 3222 497 3267 emturum
520 3217 585 3271 dixit
604 3222 663 3273 dum
681 3222 778 3273 flumen
797 3220 956 3279 deduxisset.
1001 3222 1137 3287 Nunquam
1158 3219 1236 3284 igitur
1252 3213 1300 3266 ille
1318 3214 1351 3264 ad
1371 3220 1456 3263 rectam

372 3286 450 3336 vitam
469 3293 612 3354 perveniet
634 3320 662 3335 -
688 3298 836 3363 arpentum]
855 3296 974 3362 pecunia,
993 3301 1022 3344 ut
1038 3293 1091 3343 Sat.
1112 3289 1145 3353 ll,
1158 3288 1184 3353 6,
1199 3287 1239 3338 to.
1253 3317 1288 3328 -
1300 3285 1386 3354 demto}
1399 3283 1457 3331 beot

354 3354 469 3420 dotata,
486 3356 578 3421 dives3
597 3362 623 3412 in
643 3376 695 3427 quo
713 3362 772 3415 loeo
792 3367 846 3416 noli
866 3366 1010 3432 praeterire
1030 3358 1164 3430 egregiam
1183 3359 1292 3409 ironiam
1311 3370 1380 3423 quae
1397 3355 1456 3432 ines

370 3428 397 3478 io
420 3428 460 3478 luis
474 3432 611 3497 puerisque
629 3434 705 3485 doato
723 3438 861 3499 oreondm3
891 3438 1011 3488 nimirum
1027 3449 1111 3501 vaptatam
1135 3432 1209 3498 leges
1228 3427 1355 3479 iubebant
1380 3439 1457 3475 soscr-

370 3499 523 3566 pieodorurn
542 3501 682 3556 liberorum
702 3521 779 3557 causa
799 3507 902 3570 ducere,
922 3520 979 3557 eam
997 3505 1065 3556 avidi
1084 3505 1202 3555 homines
1219 3500 1367 3550 divitiarum
1388 3506 1457 3545 caum

371 3569 477 3622 ducunt.
515 3573 606 3625 Variae
635 3590 713 3643 opum
734 3578 940 3645 colligendarum
968 3578 1081 3629 rationes
1106 3571 1296 3625 describuntur.
1343 3568 1382 3620 De
1407 3579 1459 3615 vot-

372 3641 449 3693 teoto
467 3642 501 3695 cl.
522 3644 606 3696 Germ.
627 3647 660 3710 ll,
672 3649 762 3709 4‚'13.
791 3652 843 3701 Sat.
864 3650 897 3712 ll,
916 3650 941 3702 8.
963 3651 985 3699 1.
1000 3677 1035 3690 -
1060 3646 1174 3713 deduxit}
1195 3644 1347 3711 doptormt-
1368 3670 1399 3680 -
1417 3652 1458 3686 Μ·

372 3712 435 3783 leot]
458 3730 509 3765 non
530 3731 642 3783 corpore
661 3720 744 3770 solum
764 3721 810 3772 sed
829 3721 907 3771 etiam
926 3720 1031 3779 animo,
1059 3726 1086 3768 et
1103 3717 1185 3783 magis
1206 3715 1292 3763 auimo
1311 3726 1387 3778 ῳιιηι
1405 3722 1460 3790 ror·

374 3798 446 3850 poro.
483 3785 547 3839 llam
566 3790 639 3840 cuius
658 3793 758 3841 animno
777 3807 857 3851 aeoeer
874 3799 923 3851 est,
942 3792 964 3841 is
985 3789 1081 3840 diuitiis
1100 3802 1151 3837 nou
1170 3785 1253 3850 magis
1272 3789 1359 3849 potest
1380 3789 1417 3829 uu
1433 3791 1461 3826 ao

372 3853 433 3917 frui,
454 3871 531 3923 quam
551 3855 637 3926 lippus
658 3860 752 3912 unuln
770 3848 866 3930 pictis,
888 3859 1004 3929 podager
1022 3859 1153 3929 lomentis,
1171 3855 1276 3907 auritus
1295 3852 1461 3930 laborarent

373 3940 459 3992 poeno
477 3929 569 3981 surdus
588 3931 685 3984 cithara
706 3941 734 3984 et
751 3942 837 3985 cantu·
884 3932 957 3995 Quae
982 3928 1073 3981 sanum
1094 3932 1185 3980 iuvant
1208 3935 1235 3976 et
1254 3922 1402 3977 delectant.
1435 3934 1462 3968 ns

374 4011 452 4047 nemo
472 4007 558 4064 potest
577 4011 649 4053 reete
671 4005 708 4054 uti
729 4006 774 4071 qui
794 4020 824 4055 ea
843 4012 917 4071 parte
936 4002 1055 4065 laboret,
1085 4003 1112 4051 in
1131 4008 1188 4066 qua·
1200 4012 1262 4048 urus
1282 4004 1310 4044 et
1326 3993 1462 4044 delectatio
1524 4048 1525 4051 Ἴ

374 4069 485 4119 maxime
503 4073 620 4124 sentitur.
652 4073 727 4126 ¹ldeor
747 4074 817 4126 valet
835 4076 867 4126 do
887 4074 990 4141 opibus,
1008 4088 1117 4141 quorum
1131 4078 1218 4121 rectus
1234 4083 1296 4118 usus
1308 4064 1341 4115 nd
1356 4065 1465 4113 animun

374 4144 415 4188 ost
433 4140 594 4194 referendus.
634 4177 669 4189 .-
709 4149 834 4216 [mota]
855 4145 1012 4214 intelligitur
1030 4144 1121 4203 locus,
1142 4141 1174 4192 de
1193 4144 1244 4206 qu'o
1264 4137 1307 4186 diu
1327 4133 1466 4185 dubium·

375 4217 425 4270 ost,
443 4210 510 4262 adeo
527 4222 557 4264 ut
574 4215 731 4269 coniecturis
750 4225 902 4280 tentaretur,
920 4232 953 4268 ex
971 4218 1072 4269 Seneca
1086 4214 1119 4264 de
1140 4211 1241 4280 prouid.
1261 4208 1288 4271 1,
1307 4206 1342 4259 9:
1370 4204 1467 4268 „Quen

375 4281 523 4346 specularia
541 4300 644 4354 temper
657 4288 690 4338 ab
710 4287 799 4340 dileto
817 4290 989 4347 vindicarunt,
1008 4288 1081 4337 cuius
1099 4285 1178 4353 pedes
1194 4285 1263 4332 inter
1278 4282 1394 4345 sumata
1411 4274 1469 4327 ul-

335 4362 340 4368 '
375 4351 437 4401 uida
453 4362 553 4406 morteto
569 4366 713 4426 topuonott,
732 4363 807 4412 ouius
826 4361 994 4411 coenationes
1013 4356 1131 4408 subditus
1151 4362 1177 4405 et
1195 4350 1337 4420 parietibus
1357 4349 1469 4429 eircum-

377 4421 451 4472 iuauo
469 4424 541 4477 oalor
561 4433 725 4496 temperavit,
745 4431 812 4483 hono
830 4430 897 4483 lenis
915 4445 976 4481 aura
997 4444 1049 4480 non
1067 4430 1124 4480 sino
1145 4422 1263 4492 periculo
1283 4422 1424 4486 autopat!
1440 4416 1470 4469 td

377 4490 411 4540 de
430 4493 476 4545 uit,
493 4495 559 4550 boat,
581 4502 623 4564 11,
641 4502 675 4552 3:
694 4502 832 4569 „llollibus
851 4501 1006 4569 lenibusque
1024 4500 1145 4551 lomentis
1163 4504 1246 4547 totum
1263 4492 1407 4544 lacessitur
1428 4504 1471 4542 eo-
