3117 5042
356 413 419 473 ua
764 401 1035 471 conminuit

602 585 698 648 Vates
720 597 819 667 seips
840 583 874 647 in
894 582 989 646 tertis
1007 580 1156 646 unnim

636 691 775 774 lanugine
794 691 974 776 invidiaque
993 692 1094 754 maior

519 886 653 949 lerlies
674 886 855 969 relinquam.
896 886 965 949 Non
989 903 1049 966 ego
1070 901 1240 966 pauperum

554 992 693 1077 Sanguis
713 1001 885 1076 parastum,
906 1011 968 1056 nou
990 1011 1069 1075 ego,
1093 1009 1181 1074 qum
1202 1009 1315 1068 emas,

561 1091 564 1094 ’
593 1101 713 1164 Diieete
733 1102 918 1180 Maecenas,
938 1100 1031 1165 abibo

635 1210 699 1274 Neo
720 1210 835 1293 Stygia
856 1208 1024 1273 cohibebor
1042 1208 1134 1271 anda

552 1412 617 1475 inm
640 1412 702 1476 iam
722 1410 863 1475 residunt
882 1409 1024 1474 cruribus
1044 1427 1174 1491 asperae

498 1536 528 1580 ro
550 1519 651 1582 Pelles
673 1524 705 1583 et
729 1519 832 1584 album
855 1521 956 1581 mutor
975 1517 1007 1582 in
1027 1519 1131 1581 alitem

354 1724 406 1768 tum
426 1717 478 1768 iam
499 1730 547 1784 per
563 1716 677 1768 Graecos
696 1714 745 1767 init
763 1722 944 1770 commentum.
988 1716 1075 1784 Atque
1100 1729 1133 1767 eo
1156 1715 1183 1766 in
1206 1713 1257 1766 hoc
1281 1715 1401 1766 carmine
1418 1713 1451 1765 de

354 1803 384 1839 sa
402 1787 522 1839 lloratins
539 1803 601 1840 usus
630 1786 732 1838 landem
760 1803 832 1838 suam
857 1788 985 1854 poeticam
1010 1793 1162 1854 perpetuam
1188 1784 1246 1838 iore
1270 1786 1451 1853 ,omnibusque

353 1858 477 1925 pentibus
490 1866 576 1909 notam
596 1858 756 1909 vaticinatur.
810 1857 883 1920 Quae
914 1856 1017 1925 quidem
1042 1858 1191 1910 vaticinatio
1218 1871 1296 1924 quam
1316 1871 1378 1908 eum
1397 1870 1452 1907 non

354 1928 467 1981 ieiellitl
503 1925 612 1982 Similis*
628 1930 773 1995 argumenti
801 1936 841 1978 est
866 1943 969 1979 carmen
990 1927 1036 1992 ΙΙΙ,
1054 1929 1097 1980 30.
1134 1928 1164 1980 lu
1188 1926 1238 1978 lioc
1261 1936 1348 1978 tamen
1377 1929 1451 1978 utin

351 2001 465 2052 carmine
483 1998 504 2062 l,
519 2002 532 2050 l
548 2013 579 2050 ea
599 2000 710 2050 maxime
727 2015 756 2050 rs
774 1998 901 2065 gloriatur
920 2014 1047 2066 suumque
1064 2000 1197 2066 ingenium
1216 1999 1276 2050 ideo
1297 1997 1453 2065 praedicare

351 2086 403 2121 non
425 2065 538 2134 dubitat,
557 2069 626 2137 quod
643 2070 806 2131 Maecenati,
825 2084 888 2120 vero
907 2070 969 2120 artis
988 2069 1066 2120 iudici
1086 2078 1111 2120 et
1129 2069 1240 2132 fautori,
1269 2085 1339 2137 quae
1357 2069 1454 2120 iecerit

352 2143 465 2192 carmina
484 2149 558 2206 grata
576 2148 602 2191 et
621 2149 729 2206 accepta
746 2140 890 2191 viderit.·-
912 2140 941 2192 ln
960 2142 1073 2191 carmine
1091 2139 1156 2191 nilail
1175 2141 1243 2191 inest
1261 2140 1332 2191 unde
1351 2155 1451 2191 annum

350 2219 726 2334 ttttttdttt‘tttt
739 2210 1323 2348 :taliamenti,tttttttttttt
1342 2210 1451 2348 lidi}

350 2353 462 2420 quadam
488 2352 595 2403 audacia
623 2351 719 2420 planae
737 2353 898 2426 singularem
915 2353 992 2403 animi
1013 2361 1108 2419 poetas
1125 2351 1287 2404 altitudinem
1315 2351 1449 2419 produnt,

350 2423 420 2475 haud
438 2422 517 2491 longe
535 2423 661 2474 recedunt
681 2439 695 2475 a
719 2425 861 2490 superioris
881 2423 1000 2474 carminis
1020 2423 1128 2474 elatiore
1150 2439 1256 2490 genere.
1287 2455 1323 2464 -
1362 2423 1450 2489 Caput

352 2495 474 2546 carminis
501 2495 614 2545 cernitur
642 2495 669 2545 iu
690 2510 789 2545 summa
814 2495 934 2561 poeticae
962 2496 1024 2546 artis
1043 2493 1119 2546 laude
1138 2509 1169 2545 ae
1187 2494 1363 2562 praestantia,
1391 2508 1451 2545 unm

351 2564 442 2633 ‚caelo
460 2566 537 2618 Musa
556 2565 633 2616 beat“
654 2564 751 2634 [Carni.
769 2564 814 2630 lv,
833 2564 860 2628 8,
877 2562 934 2632 28).
1187 2591 1191 2596 ·

423 2675 455 2728 V.
476 2677 502 2729 2.
523 2669 649 2750 Misenis}
672 2676 700 2727 iu
718 2691 828 2742 cycnum
846 2682 1013 2757 mutatusnet
1030 2681 1116 2726 tamen
1137 2663 1215 2740 poeta
1234 2689 1351 2726 manens.
1385 2673 1451 2727 ilum

351 2744 419 2811 ,soi
447 2763 481 2802 ον
496 2748 596 2817 χρῆμα
612 2749 731 2813 ποιητής
750 2749 876 2799 ἐστικαὶ
894 2745 1111 2812 nrpuortrpo're
1132 2743 1372 2812 Ptat10n.p.534.
1386 2745 1452 2796 Β.-

351 2815 414 2884 tiqui
432 2834 474 2868 um
523 2815 664 2884 Epitheton
692 2816 724 2868 nd
750 2824 867 2882 naturam
885 2816 997 2867 aetheris
1018 2816 1253 2878 accommodatum
1280 2819 1346 2884 petit
1364 2818 1451 2885 igitur
1534 2873 1535 2876 Ἴ

351 2895 426 2939 vates
445 2904 475 2939 re
486 2888 537 2940 icto
557 2887 607 2940 lroc
633 2888 706 2956 gravi
731 2901 859 2954 corpore,
885 2894 972 2952 spreta
1002 2886 1051 2937 hac
1080 2888 1169 2954 iniqua
1191 2887 1306 2956 sibique,
1322 2889 1374 2938 ianr
1396 2904 1448 2938 non

351 2973 466 3027 congrua
485 2966 553 3010 terra
575 2957 686 3011 similem
707 2959 791 3025 magis
809 2956 930 3022 aethera,
950 2973 1036 3025 neque
1056 2967 1085 3008 nt
1102 2957 1196 3026 reliqui
1215 2959 1333 3010 homiues
1353 2958 1387 3009 ad
1405 2960 1448 3010 in·

352 3029 422 3081 ieros
440 3025 539 3096 fertur,
560 3030 681 3098 quoniam
701 3037 853 3079 mortemon
872 3036 1003 3095 premetur
1030 3029 1076 3080 sed
1107 3031 1176 3080 omni
1197 3038 1314 3096 tempore
1332 3038 1359 3080 et
1381 3029 1450 3081 omni

353 3100 414 3152 loco
432 3101 513 3151 vireo
539 3130 570 3142 -
598 3099 747 3167 inermisque
765 3101 862 3168 maior]
886 3098 922 3149 ci.
941 3097 1025 3149 Carra.
1046 3098 1134 3162 1V,3,
1155 3099 1196 3151 16.
1233 3098 1303 3150 llaec
1322 3101 1406 3167 igitur
1424 3107 1450 3151 et

355 3185 423 3239 quae
441 3170 536 3222 deinde
554 3176 697 3238 sequuntur
712 3187 792 3239 paup.
810 3186 883 3237 saep.
901 3178 1005 3238 parent.
1024 3168 1056 3219 ad
1076 3169 1198 3221 iuvidiam
1216 3179 1351 3237 spectant,
1372 3173 1456 3239 quum'

354 3241 467 3293 amicitia
488 3241 645 3292 Maecenatis
664 3249 758 3307 poetas
775 3241 910 3292 contraxit.
931 3239 963 3290 ci.
976 3235 1328 3310 solemnitatum.
1347 3243 1452 3294 —Nos

356 3316 414 3381 epo]
436 3310 475 3362 lle
493 3312 519 3361 vi
539 3309 758 3370 dredrnlw'oemr
780 3327 833 3362 nou
853 3307 935 3362 semel
953 3311 1002 3361 iam
1025 3310 1119 3362 dictum
1130 3330 1140 3376 ,·
1170 3313 1212 3363 hic
1230 3328 1335 3381 quoque
1354 3315 1452 3365 veritas

356 3383 639 3449 senteutiacaugeturz
658 3398 687 3433 se
705 3383 749 3450 qui
768 3382 943 3433 aliaecenate
963 3390 1062 3432 ametur
1079 3397 1130 3432 non
1146 3399 1224 3450 posse
1243 3385 1360 3435 mori-
1379 3400 1452 3451 quest

353 3456 444 3574 accord
463 3452 495 3503 ad
513 3461 550 3517 te,
569 3460 597 3502 ut
612 3460 699 3503 tecum
720 3453 777 3516 sim,
795 3460 879 3503 tecum
891 3451 1011 3515 habitem,
1023 3460 1067 3502 tua
1084 3455 1196 3505 amicitia
1216 3453 1294 3505 fruar.
1316 3453 1350 3505 ci.
1367 3453 1452 3506 Cnrrn.

355 3523 388 3587 li,
411 3526 423 3575 i

296 3601 299 3606 '
353 3594 457 3646 rreum
478 3598 600 3661 nennst),
619 3609 771 3662 quamquam
792 3594 957 3660 grammatica
977 3594 1042 3644 ratio
1062 3609 1114 3646 nou
1132 3595 1226 3660 obstat,
1246 3596 1280 3647 ci.
1297 3597 1350 3650 Sat.
1373 3597 1409 3660 ll,
1426 3596 1451 3658 6,

355 3666 401 3719 20.
418 3665 501 3733 Epist.
522 3664 543 3729 Ι,
562 3665 587 3729 t,
604 3664 648 3716 37.
670 3663 692 3728 l,
714 3663 755 3728 16,
772 3664 821 3726 59;
839 3664 885 3715 sed
905 3679 997 3714 versus
1016 3664 1109 3716 obstat.

428 3777 459 3827 V.
478 3777 504 3828 9.
532 3777 590 3828 Inus
606 3777 670 3846 ium]
694 3775 793 3827 Furore
812 3777 916 3842 poetico
936 3789 968 3826 eo
988 3775 1085 3838 fertur,
1114 3784 1142 3826 ut
1164 3777 1214 3827 iam
1232 3792 1301 3827 nuuc
1319 3778 1409 3844 ipsum
1427 3779 1452 3828 in

358 3861 470 3913 opertum
492 3849 658 3898 mutationem
684 3849 783 3898 sentire
807 3846 856 3898 sibi
876 3845 1009 3908 videatur3
1036 3847 1097 3897 inde
1119 3846 1186 3898 haec
1207 3862 1222 3898 a
1240 3857 1330 3898 nostro
1349 3848 1452 3915 pulchri

358 3934 437 3969 sensu
455 3919 578 3969 remotior
593 3917 671 3983 paulo
689 3917 848 3983 singularum
860 3919 968 3982 partium
979 3917 1139 3984 descripti03
1158 3934 1226 3986 quae
1243 3920 1269 3969 in
1288 3920 1366 3985 epiea
1379 3921 1452 3987 poesi

358 3987 443 4040 Ovidii
463 3986 530 4039 haud
550 3988 701 4055 infrequens
729 3990 757 4038 in
782 3987 871 4054 lyricis
900 3988 1055 4039 carminibus
1077 4003 1133 4040 rara
1161 3998 1233 4040 certe
1251 3998 1300 4040 est.
1350 3990 1453 4042 instans

357 4066 459 4126 tempus
479 4059 576 4126 duplici
596 4057 723 4126 particula
740 4061 795 4109 iam
813 4056 890 4110 valde
909 4060 1048 4126 premitur,
1069 4075 1102 4110 ne
1114 4060 1224 4111 minima
1243 4060 1348 4127 quidem
1370 4063 1454 4113 inter-

357 4131 442 4196 posita
458 4144 538 4181 mora.
578 4130 612 4184 ci.
630 4127 705 4195 Epod
732 4129 757 4193 2,
775 4128 811 4182 68
851 4159 880 4170 -
916 4130 1043 4199 residem]
1063 4128 1159 4196 ,Pellis
1177 4147 1270 4198 aspera
1288 4131 1326 4193 iit,
1344 4133 1454 4194 residit;

357 4198 417 4251 dum
439 4200 507 4250 euim
524 4216 600 4252 crura
625 4199 735 4250 humana
758 4206 947 4263 extenuantur,
976 4201 1051 4266 cycni
1079 4201 1185 4252 formam
1214 4201 1309 4253 erilem
1334 4202 1454 4268 induunt,

357 4284 468 4321 necesse
488 4278 536 4334 est,
556 4278 584 4321 ut
605 4271 686 4332 cutis,
705 4285 772 4338 quae
794 4270 917 4323 mollibus
936 4280 996 4321 ante
1014 4285 1044 4320 ac
1063 4272 1221 4323 succulentis
1240 4272 1357 4339 partibas
1377 4274 1455 4324 indu·

358 4349 399 4391 cta
424 4341 517 4404 fuerat,
544 4340 584 4392 his
614 4338 831 4391 evanescentibus
857 4341 988 4404 subsidat,
1016 4342 1118 4393 ossibus
1148 4345 1254 4409 propias
1273 4342 1454 4406 admoveatur,

357 4425 478 4478 quaeque
497 4418 574 4463 antea
593 4409 711 4477 pleniora
731 4425 842 4476 corpore
860 4419 966 4462 anteum
986 4420 1058 4475 erat,
1077 4428 1146 4463 nunc
1163 4413 1348 4478 contrahatur,
1370 4415 1454 4465 adeo-

357 4496 409 4549 que
426 4495 523 4550 aspero
542 4482 560 4533 i.
581 4496 605 4531 e.
626 4494 723 4547 rugosa
743 4480 860 4532 evadat“
896 4481 941 4536 Sic
955 4481 1141 4534 ilitsclrerliclr.
1156 4515 1190 4526 -
1216 4489 1340 4555 sepem]
1361 4486 1454 4537 ultima
1530 4505 1532 4524 ι

445 3524 515 3586 ‚to
552 3523 644 3591 Inepta
661 3530 701 3574 est
719 3522 829 3574 aliorum
850 3524 997 3572 coniunctio
1016 3539 1088 3588 quem
1105 3540 1183 3576 occas
1200 3525 1307 3580 dilecte.
1327 3524 1394 3594 (deu
1414 3525 1452 3577 lin
1532 3525 1534 3582 J
