3117 5042
432 418 563 483 nlltl
606 419 724 484 auls
737 421 775 485 T.
798 421 882 485 xlx.
1147 427 1210 489 498
1310 369 1327 388 s

143 619 177 665 ao
199 600 315 685 littera,
335 619 430 684 saepe
447 603 546 669 lucrum
565 604 663 666 vestri
684 622 810 667 monera
827 604 995 678 tumultus!
1043 635 1049 640 ·

200 711 316 774 hibera
339 730 397 792 per
418 730 547 775 vamum
567 712 654 794 posui
677 703 811 793 vestigia
833 712 986 795 princeps,

199 819 269 881 Nou
292 818 396 882 aliena
412 836 482 881 meo
502 818 603 900 pressi
624 817 710 901 pede
754 820 814 895 Qui
835 820 893 884 sihi
916 821 993 899 lldit,

201 926 274 989 Dux
294 927 379 1007 regit
396 944 537 989 emmau.
581 927 690 991 Parius
711 944 771 1010 ego
795 928 909 1008 primus
931 928 1050 993 iambos

202 1033 332 1096 usnnu
352 1034 444 1097 lado
466 1051 608 1097 umeros
630 1015 810 1117 animosque
830 1043 952 1099 secutus

145 1160 180 1205 as
199 1142 391 1220 Archilochi,
416 1160 477 1205 non
501 1160 552 1204 res
572 1149 604 1204 et
624 1144 751 1224 agentia
773 1142 870 1206 rerba
891 1144 1073 1220 Lycamben.

201 1251 249 1313 nc
269 1268 309 1312 ne
329 1268 377 1313 me
398 1250 481 1313 tollis
503 1249 574 1313 ideo
594 1250 788 1314 brevioribus
810 1270 913 1328 ornes,

204 1360 292 1435 Quod
317 1359 402 1421 timui
423 1363 543 1421 mamre
565 1358 672 1422 medos
694 1367 725 1421 et
747 1359 893 1421 carminis
915 1367 1045 1424 artemr'

203 1468 373 1546 Temperat
393 1465 575 1531 Archilochi
597 1468 716 1558 illusam
737 1465 815 1548 pede
837 1468 974 1530 mascula
995 1469 1133 1553 Sappho,

201 1576 369 1656 Temperat
389 1565 537 1653 Alcaeum
556 1575 611 1638 sed
634 1575 726 1638 rebus
751 1582 783 1638 et
803 1575 912 1639 ordine
924 1568 1051 1658 dispar,v

146 1700 180 1745 su
201 1684 264 1746 Nec
283 1701 422 1745 socerum
443 1682 565 1766 quaerit
585 1700 673 1764 quem
694 1682 836 1746 versibus
857 1682 976 1746 ohtiuat
996 1684 1086 1766 atris,

206 1793 270 1853 Nec
290 1808 424 1884 sponsae
444 1791 728 1873 laqueum=faraoso
749 1790 1008 1856 camninenectit

205 1899 295 1962 Hunc
310 1918 370 1984 ego
392 1901 454 1961 non
475 1898 540 1961 alio
563 1897 674 1961 dictum
697 1898 783 1979 prius
802 1916 858 1961 ore
878 1898 1023 1968 tatinus.

208 2004 343 2098 Vulgari
360 2004 491 2080 lidieen;
509 1999 607 2068 iuvat'
618 2005 834 2069 immemorata
854 2008 1006 2072 ferentem

177 2106 191 2130 Γ
208 2115 355 2192 ingenuis
374 2114 530 2195 oculisque
550 2113 615 2195 legi
636 2114 836 2196 manibusque
857 2117 967 2179 tenem

155 2239 187 2284 aa
211 2221 300 2284 Scire
321 2221 400 2284 velis
419 2239 490 2285 mea
513 2220 725 2303 curjugratus
748 2221 898 2303 opuscula
921 2222 1019 2284 lector

206 2330 326 2410 haudet
348 2336 490 2411 ametque
511 2328 610 2407 domi,
631 2336 751 2411 premat
773 2335 865 2391 extra
887 2330 980 2402 limen
1001 2329 1145 2413 iniquus?

211 2439 279 2501 Nou
302 2455 360 2519 ego
384 2443 532 2500 ventosae
552 2436 652 2518 plebis
676 2436 825 2519 suffragia
846 2454 946 2498 recor

214 2546 363 2632 inpensis
387 2562 551 2607 coenarum
572 2552 604 2607 et
627 2543 720 2608 tritae
742 2562 869 2607 munere
890 2525 1005 2622 restis-3

210 2657 280 2718 Nou
301 2672 381 2736 ego,
402 2650 550 2715 nobilium
568 2653 751 2734 scriptorum
770 2650 899 2715 auditor
919 2659 949 2713 et
969 2653 1061 2730 ultor,
1151 2671 1156 2682 ’

155 2784 188 2828 tu
208 2760 435 2826 Grammaticos
456 2760 681 2823 ambiretrihus
700 2766 732 2821 et
748 2759 868 2842 pulpita
888 2759 1021 2840 dignor:

208 2873 289 2935 lliuc
306 2869 382 2933 illae
402 2867 559 2932 lacrimae.
603 2866 720 2949 Spissis
743 2866 872 2949 indigna
894 2865 1026 2968 theatris

122 3092 276 3146 bibentibus
294 3092 403 3158 gignite
437 3119 472 3131 -
508 3086 635 3162 tumtur]
665 3088 725 3139 rani
744 3094 852 3138 cenatus
876 3085 991 3137 imitandi
1013 3103 1043 3139 aa
1060 3087 1221 3156 deprimendi

122 3162 205 3217 simul
226 3162 333 3214 Horatii.
369 3159 469 3212 Deinde
487 3157 566 3224 addit,
587 3175 620 3209 ne
641 3174 670 3209 se
688 3173 794 3227 quoquo
813 3160 967 3223 imitatorem
989 3159 1150 3225 quisdicat,
1170 3175 1222 3228 qua

122 3237 229 3287 ratione
249 3233 361 3284 Graecos
381 3239 485 3283 secutus
503 3231 551 3280 ait:
581 3230 689 3282 iormaru
706 3246 736 3281 se
754 3238 782 3280 et
799 3244 890 3280 uersus
910 3233 1052 3297 sumpsisse
1073 3231 1105 3281 ab
1124 3232 1221 3283 Archi-

123 3306 206 3358 locho
225 3311 252 3355 et
270 3303 377 3366 Alcaeo,
393 3318 446 3354 non
463 3317 505 3353 res
522 3308 549 3350 st
565 3302 653 3352 verha.
671 3331 707 3344 -
725 3302 881 3371 Lycamben]
902 3300 962 3370 vide
981 3302 1012 3352 ad
1031 3302 1112 3369 Epod
1130 3302 1156 3364 6,
1179 3302 1221 3365 13,

124 3376 198 3428 uude
215 3373 347 3441 intelliges
365 3372 471 3424 verbum
490 3374 604 3439 spantia.
642 3402 677 3414 -
716 3373 848 3441 Temperat
874 3371 1039 3448 Archilochi]
1069 3373 1173 3440 Sappho
1196 3379 1223 3423 et

124 3448 242 3501 Alcaeus
271 3459 424 3513 quamquam
444 3442 592 3494 Archilochi
619 3442 737 3509 singulos
763 3459 855 3495 versus
875 3451 1031 3510 receperunt
1056 3452 1082 3493 et
1112 3441 1220 3510 reliquis

125 3521 185 3570 suis
211 3517 330 3568 versibus
362 3515 571 3578 admiscuerunt,
596 3520 682 3563 tamen
701 3513 780 3563 alieni
801 3522 875 3563 erant
897 3512 929 3563 ab
951 3515 1007 3564 eius
1028 3521 1054 3563 et
1071 3515 1178 3578 ingenio
1197 3519 1224 3563 et

127 3603 253 3642 vanuum
273 3589 341 3639 inter
357 3602 387 3638 se
406 3585 596 3637 coniunctione.
622 3582 717 3632 Horum
730 3585 812 3650 igitur
821 3582 947 3648 exemplis
969 3589 1075 3634 excusat
1095 3583 1223 3647 Horatius,

128 3659 201 3728 qnod
219 3660 282 3724 ipse¹
294 3674 346 3710 uon
363 3671 431 3708 nora
452 3656 497 3707 sed
515 3654 573 3705 aliis
591 3654 642 3703 iam
660 3651 730 3703 culta
750 3653 832 3703 lorma
849 3667 913 3702 usus
931 3654 972 3702 sit.
983 3652 1223 3720 -masculnSep-

125 3730 192 3803 pho]
227 3744 293 3797 qnae
311 3725 576 3797 quamquammulier
598 3724 681 3774 virum
695 3730 784 3792 ’minen
801 3724 899 3790 ingenii
918 3724 1015 3774 viribus
1036 3724 1224 3791 aequiparavit.

126 3831 163 3845 -
183 3804 264 3870 tame]
284 3799 418 3850 Alcaeum]
454 3797 537 3849 Carm.
556 3795 599 3860 lv,
617 3794 644 3858 3,
662 3789 712 3848 22?
736 3793 963 3857 lll,3u‚13.-
983 3796 1173 3863 immemorata]
1194 3809 1225 3861 „a

127 3871 205 3926 mullo
227 3880 287 3921 aute
306 3871 400 3921 diens
427 3869 522 3920 Comen.
543 3868 620 3933 Graiu,
641 3895 672 3905 -
689 3868 821 3933 ventosae]
842 3873 870 3915 ut
888 3864 969 3930 Epist.
989 3865 1010 3930 1,
1029 3867 1055 3928 8,
1076 3868 1116 3917 lt.
1147 3865 1225 3916 Dera

128 3944 165 3994 ci.
185 3944 216 3994 Α.
236 3942 263 3993 Ρ.
281 3941 342 3994 420,
371 3969 405 3982 -
433 3941 537 3990 auditor
554 3936 673 4005 etuitor]
698 3935 731 3986 el.
751 3935 834 4002 Epist.
856 3934 890 4000 11,
910 3937 936 3998 2,
954 3935 997 3988 67.
1035 3936 1123 3988 Omnis
1142 3937 1226 3987 ironia

128 4014 218 4081 posita
241 4020 281 4063 eat
298 4014 325 4063 iu
345 4009 475 4062 vocabulo
490 4009 568 4061 attor.
604 4007 667 4059 Nam
687 4008 730 4074 qui
742 4006 851 4057 'insulsa
869 4006 994 4057 nobilium
1015 4008 1163 4058 aedivitnm
1175 4007 1226 4057 ho·

128 4087 229 4136 minum
247 4084 361 4135 carmina
380 4081 469 4144 audit,
496 4079 590 4130 deinde
617 4091 663 4129 sua
689 4083 742 4128 nod
761 4077 871 4128 meliora
890 4079 999 4140 recitat,
1030 4078 1052 4128 is
1071 4077 1131 4129 illos
1150 4079 1225 4145 quasi

128 4155 285 4218 ulcisciturg
311 4152 387 4204 simul
412 4153 491 4219 igitur
519 4159 559 4201 est
585 4149 685 4199 auditor
710 4148 832 4199 eluitur.
870 4148 912 4200 Sic
930 4147 1062 4199 luvenalis
1081 4151 1139 4202 Sat:
1153 4148 1173 4211 1,
1195 4150 1227 4199 1:

129 4227 258 4293 „Semper
278 4237 328 4292 ego
346 4223 447 4275 auditor
465 4219 584 4273 tuntum?
607 4233 771 4287 nunquamne
782 4233 914 4285 reponam,
936 4221 1048 4271 Varatus
1067 4222 1144 4271 toties
1157 4222 1227 4271 ranei

129 4295 262 4350 Theseide
281 4293 408 4347 esurit«
423 4325 457 4335 -
479 4292 668 4344 Grumrnsttccs
689 4290 779 4360 tribur]
807 4291 872 4342 Sunt
889 4298 977 4341 sectae
995 4292 1228 4358 grammaticorum,

128 4369 282 4419 criticorum
300 4362 591 4436 (Aesthetikeraiunite).
611 4394 643 4406 -
662 4361 772 4430 pulpita}
793 4359 929 4416 llatheder.
949 4361 1056 4424 Quintil.
1069 4362 1112 4421 xl,
1123 4361 1150 4423 3,
1163 4360 1227 4412 130:

128 4455 207 4504 „cuns
223 4439 252 4488 in
270 4445 381 4504 angusto
399 4435 508 4503 quodam
529 4433 629 4499 pulpito
648 4441 717 4483 stans
738 4431 861 4482 diceret«
879 4462 914 4474 -
934 4432 995 4483 bine
1012 4432 1074 4483 ittae
1090 4432 1226 4504 neem}

128 4509 160 4562 ln
179 4509 349 4577 proverbium
369 4506 433 4559 abiit
451 4521 484 4557 ex
497 4505 598 4558 Terent.
618 4502 698 4556 Andr.
716 4501 738 4568 l,
758 4502 784 4568 1,
800 4501 843 4555 99.
864 4533 899 4546 -
928 4504 1047 4575 theatris]
1069 4518 1163 4570 magna
1179 4518 1230 4556 au-
