3117 5042
206 366 210 372 ’
305 359 1001 474 ,nra.r.csnmxxvtu.xxrx.
1105 391 1107 394 ’
1187 409 1231 471 ss

218 617 221 622 >
305 580 391 645 [lude
410 561 533 662 potest}
556 579 614 643 tili
635 580 750 645 defluat
770 601 869 665 aequo

220 689 269 751 Al
291 691 365 751 lore
386 689 586 770 Neptunoque
608 690 690 752 sacri
713 690 840 752 custode
860 692 999 756 Tarenti.

168 816 201 860 so
304 796 446 878 Negtissis
467 795 626 876 immeritis
648 797 818 862 nocituram

217 904 381 968 Postmodo
402 911 433 965 te
454 902 536 966 uatis
557 905 697 967 imolen
717 907 933 972 committeret
974 907 1052 971 rou
1074 914 1106 972 ct

303 1010 412 1074 Debita
433 1011 502 1073 iura
522 1011 664 1094 vicesque
686 1015 840 1094 superbae

215 1120 425 1182 'remaneant
449 1117 566 1202 ipsam:
584 1099 727 1201 precibus
746 1139 810 1185 non
831 1122 956 1206 linquar
975 1122 1082 1186 inultis

191 1263 202 1280 .
300 1227 406 1307 'leque
428 1226 549 1306 piacula
573 1228 659 1291 nulla
682 1229 849 1293 resolvent.

162 1349 194 1393 ss
214 1333 404 1414 Quamquam
425 1333 575 1410 festinas,
596 1352 656 1395 non
680 1338 727 1396 est
749 1353 837 1400 mora
858 1337 973 1419 longc3
995 1335 1101 1401 licebit

297 1440 412 1502 iniecto
435 1445 483 1502 ter
504 1442 633 1522 pulvere
649 1459 769 1507 curras.

578 1610 779 1624 *—

504 1781 697 1854 Carmen
735 1781 855 1856 XXIX.

327 1960 396 2037 leci,
417 1959 516 2022 beatis
537 1980 618 2023 nuuc
638 1960 773 2025 Arabum
795 1961 916 2024 inrides

325 2067 424 2130 (lanis
445 2076 476 2130 et
496 2086 597 2131 acrem
617 2068 756 2132 audilam
772 2088 868 2151 paras
890 2099 894 2104 ·

118 2238 237 2312 emtas}
260 2238 357 2292 Similis
378 2240 461 2291 oratio
480 2239 560 2306 Epist.
573 2239 680 2303 tnta
703 2271 736 2283 -
753 2239 836 2313 unde}
855 2239 914 2290 vide
934 2238 967 2288 ad
989 2236 1074 2289 Carni.
1094 2236 1127 2302 ll,
1139 2239 1216 2303 tat.

117 2341 149 2352 -
179 2311 310 2377 Neptuno]
342 2308 401 2360 Fuit
428 2310 556 2375 Mclrytcs
572 2309 740 2375 Tarentinus,
770 2325 880 2378 quosaam
903 2308 1037 2375 Neptunus
1063 2311 1218 2378 πολιοῦχος

115 2380 182 2431 deus
202 2387 266 2431 erat
285 2409 318 2420 —
337 2380 447 2449 neplipis
466 2380 633 2453 committere]
656 2381 714 2433 vide
734 2380 766 2432 ad
786 2380 869 2432 Carni.
891 2378 1001 2444 t‚27,9.
1023 2403 1056 2422 ·-
1088 2387 1112 2430 ts
1132 2382 1213 2449 notis]

114 2450 178 2502 ride
196 2450 300 2517 Zumpt.
321 2465 360 2518 gr.
379 2450 423 2502 lat
446 2455 473 2515 θ.
491 2449 551 2503 451v
576 2481 605 2491 -
627 2455 683 2519 fors
704 2454 742 2571 etp
760 2450 870 2503 tortasse
892 2451 975 2501 etiam.
993 2450 1064 2516 virg.
1082 2449 1149 2499 Aen.
1170 2448 1213 2514 xl,
1234 2467 1243 2490 -’

114 2521 150 2574 50
181 2553 216 2564 -
234 2524 352 2588 uicesque
370 2523 505 2591 merdae]
521 2521 690 2587 damnorum,
708 2523 780 2573 taio.
801 2523 835 2571 ct.
856 2521 928 2570 llom.
948 2519 993 2572 0d.
1014 2518 1059 2582 xi,
1079 2518 1113 2572 72
1124 2533 1163 2586 sq.
1172 2547 1212 2591 .··

116 2592 205 2643 licedit
221 2594 326 2664 muros]
346 2592 406 2643 vide
422 2591 525 2658 Zumpt.
547 2591 574 2654 §.
593 2590 654 2644 624.
676 2623 707 2634 -
727 2594 775 2666 ter]
793 2589 931 2646 'lornarius
950 2604 1071 2669 numeras
1089 2604 1172 2640 sacer.

554 2725 667 2779 flamen
687 2727 777 2781 xxix„

183 2818 288 2871 Aelium
308 2819 408 2870 Gallum
428 2837 451 2872 a.
468 2837 492 2871 a.
513 2819 567 2873 730
583 2838 617 2873 ex
637 2824 758 2890 Aegypto
776 2823 971 2890 expeditionem
987 2821 1011 2871 iu
1034 2818 1155 2872 Arabiam
1167 2820 1209 2870 le-

111 2890 192 2940 tieem
209 2892 321 2957 Augusti
340 2893 412 2941 iussu
435 2891 529 2943 iecisse
554 2898 586 2943 e'x
605 2907 689 2960 eaque
709 2909 808 2962 mmma
828 2906 947 2960 quaeque
968 2899 1135 2956 exspectasse
1154 2889 1209 2941 llo·

111 2975 203 3012 manos
222 2975 301 3027 supra
320 2961 351 3012 ad
371 2960 454 3013 Caum.
475 2957 545 3024 1,Ῐῖ
566 2962 660 3013 dictum
681 2972 728 3014 est.
754 2958 834 3027 ¹Quid
853 2965 931 3032 igitur
949 2962 1050 3023 mirum,
1066 2959 1135 3027 quod
1152 2974 1208 3011 ma-

110 3047 163 3098 gna
183 3030 298 3081 Arabiae
316 3040 343 3082 et
363 3033 419 3082 eius
438 3033 582 3085 divitiarum
602 3035 669 3083 tama
688 3033 783 3085 multos
802 3042 854 3084 tum
882 3030 997 3084 incendit
1019 3031 1128 3081 iuvenes
1151 3029 1207 3081 llo·

110 3111 201 3153 manos
225 3100 340 3153 bollandi
360 3103 500 3168 cupiditate
520 3119 651 3171 opumque
670 3104 876 3172 colligendarum
906 3099 1123 3170 exspectatione?
1167 3099 1207 3152 Ex

108 3173 200 3223 amicis
223 3173 320 3223 Horatii
343 3173 427 3225 lectus
442 3190 566 3243 quoquo,
584 3174 628 3242 qui
646 3191 730 3243 usque
749 3176 825 3242 adid
847 3184 948 3241 tempus
968 3174 994 3224 in
1012 3174 1066 3223 otio
1085 3179 1111 3223 et
1130 3187 1206 3223 mau-

108 3241 270 3294 suetioribus
289 3242 381 3294 litteris
402 3246 522 3308 vixerat,
541 3260 639 3296 nomen
653 3246 788 3313 professus
806 3254 861 3298 est.v
892 3243 966 3309 Quod
985 3259 1042 3293 cuna
1063 3240 1205 3294 audivisset

108 3312 242 3376 lloratins,
261 3312 357 3364 festivo
376 3315 425 3366 hoc
444 3318 558 3367 carmina
573 3317 683 3368 amicum
697 3318 787 3371 iocose
798 3317 904 3368 deridet
941 3316 1026 3379 Quare
1039 3313 1203 3366 minuuntur

107 3384 259 3435 exclamat:
291 3400 353 3451 ergo
371 3393 398 3436 tu
420 3401 524 3453 quoque
542 3385 660 3438 militiam
685 3403 782 3454 paras,
811 3397 838 3439 tu
857 3403 961 3456 qnoque
980 3387 1060 3436 otium
1078 3392 1105 3434 at
1121 3382 1202 3434 libros

106 3472 165 3506 curu
185 3455 279 3505 castris
298 3463 324 3505 at
340 3455 427 3523 gladio
444 3464 646 3508 commutaturus
664 3459 707 3509 asi
751 3459 868 3510 Laedere
893 3458 989 3509 lectam
1015 3456 1134 3506 lloratius
1150 3467 1202 3504 uon

105 3526 206 3587 uoluit3
228 3524 376 3576 acerbitatis
394 3527 420 3577 in
445 3527 560 3578 amicum
573 3526 637 3578 nihil
657 3531 785 3596 reperitur
803 3537 860 3579 toto
877 3528 1010 3590 carruine,
1038 3525 1093 3575 ioci
1108 3531 1135 3573 et
1159 3521 1201 3572 le-

105 3598 176 3662 poris
198 3596 287 3646 omnia
305 3596 382 3663 plena
400 3606 468 3648 suut.
516 3599 611 3649 Verum
632 3600 731 3650 etiarnsi
751 3599 850 3651 loetum
869 3614 920 3649 non
934 3602 1068 3660 accusat,
1096 3599 1213 3645 accusat.

104 3676 190 3718 minen
210 3668 343 3734 ingentem
365 3683 428 3718 suae
450 3668 549 3719 aetatis·
562 3669 726 3735 cupiditatem
744 3669 890 3732 bonorum;
909 3669 1003 3718 etenim
1022 3667 1057 3715 ita
1067 3678 1147 3729 saepe
1161 3661 1199 3726 ui,

103 3746 130 3788 ut
150 3753 221 3806 quae
239 3739 266 3787 in
288 3738 385 3788 anticos
407 3738 516 3789 ridendo
541 3747 568 3790 at
586 3740 695 3791 iocando
713 3740 828 3791 dicamus
850 3742 883 3791 iis
899 3739 968 3800 ¹alios
987 3738 1058 3803 tangi
1077 3733 1198 3795 volimus,

102 3825 158 3860 cum
182 3810 336 3873 pracsertim
356 3811 453 3860 amicos
473 3824 488 3859 a
505 3808 549 3860 tali
567 3810 745 3865 criminatione
762 3812 874 3864 saumis
893 3809 1047 3860 liberrimos.
1076 3804 1116 3856 ud
1130 3819 1197 3853 eun·

101 3879 157 3930 dom
180 3879 280 3930 iccium
298 3879 357 3930 data
375 3888 416 3930 est
434 3879 517 3947 Epist.
540 3883 560 3944 l,
580 3882 623 3935 12.

169 3971 204 4025 νζ
222 3975 245 4024 l.
263 3976 342 4047 uuae}
365 3973 466 4037 Quanta
485 3990 554 4025 nuuc
574 3975 663 4027 subito
681 3975 776 4026 sumsit
794 3973 911 4038 lenacia,
927 3977 1022 4039 quauta
1038 3965 1194 4052 audac-iaia

99 4053 133 4105 to,
153 4047 198 4112 qui
218 4043 304 4095 adhuc
322 4045 394 4095 luisti
417 4046 545 4112 placidus,
563 4045 736 4114 tranquillus,
751 4047 896 4106 innocuus3
915 4049 942 4093 tu
961 4043 1040 4109 igitur
1058 4055 1091 4091 ex
1105 4046 1194 4101 mitis-

98 4117 160 4166 simo
182 4114 341 4182 philosopho
358 4109 498 4167 acerrimus
516 4115 628 4167 bellator
646 4118 729 4167 laetus
747 4115 876 4166 Auctibus
897 4121 924 4164 et
946 4112 1060 4174 Partitis,
1088 4111 1193 4160 invictis
1288 4109 1295 4128 ’·

97 4187 228 4251 gentibus,
250 4185 369 4236 militiam
388 4202 463 4253 paras
486 4195 512 4237 et
533 4196 653 4249 emonam
678 4196 708 4239 tu
724 4188 802 4254 igitur
821 4185 887 4237 alter
905 4182 1023 4235 achilles
1041 4182 1123 4248 ignoti
1143 4196 1192 4230 cu·
1291 4235 1294 4242 ,

96 4258 191 4309 iusdam
211 4258 339 4324 principis
363 4257 439 4308 lutiam
458 4272 568 4321 seruam,
592 4258 675 4308 titium
688 4256 867 4324 pocillatorem
886 4254 1005 4306 caduces.
1043 4254 1086 4307 Sic
1104 4252 1191 4304 eonti-

96 4337 184 4380 uuatur
202 4330 294 4379 iocosa
314 4328 409 4392 irrisio,
428 4326 545 4380 amabilis
564 4328 713 4395 superlatio
750 4329 812 4379 l’osr
829 4336 937 4377 octenos
956 4321 1136 4392 interrogandi
1152 4322 1191 4374 si·
1293 4332 1298 4338 ·

96 4413 170 4456 mum
191 4402 291 4451 rectius
311 4397 430 4465 punitum
450 4398 611 4450 admirationi
631 4401 708 4462 cuius,
727 4415 778 4449 non
798 4397 962 4449 affirmationi
983 4395 1025 4448 hie
1046 4393 1121 4446 locus
1141 4397 1188 4443 est.

94 4469 133 4518 Sic
157 4479 237 4522 totum
258 4485 364 4521 carroco
386 4486 417 4520 ox
439 4469 683 4536 interrogationibus
702 4471 872 4538 conrposituru
892 4476 948 4524 raiz
969 4466 1001 4517 de
1013 4481 1101 4533 quiana
1115 4476 1188 4512 com-
