3117 5042
744 397 1021 462 *cunututitu

539 576 690 643 &ruem
710 578 801 657 teeti,
823 586 910 642 earet
931 578 1095 643 invidenda

623 686 755 752 Sobrius
775 688 858 751 aule.

393 800 414 832 .
541 844 673 926 Saepius
696 843 798 908 ventis
820 843 960 925 agitetur
981 841 1093 923 iugens

488 970 517 1014 so
539 952 633 1016 Pinus
653 959 685 1015 et
706 953 810 1015 celsae
832 950 983 1034 graviore
1004 965 1080 1013 eaeo

539 1059 690 1123 lleeidunt
708 1067 813 1123 turres
833 1059 1008 1140 feriuntque
1028 1075 1161 1122 snmus

623 1167 763 1250 sugere
786 1175 915 1230 montes

541 1324 657 1414 Sperat
677 1324 816 1400 infestis,
836 1324 942 1387 metuit
962 1322 1106 1386 secundis
1207 1345 1211 1352 ’

540 1433 686 1497 Alteram
701 1439 818 1506 sortem
838 1432 915 1495 liene
938 1437 1176 1514 praeparatum·

487 1559 516 1604 ss
538 1543 657 1605 Pectus.
698 1541 850 1604 informes
871 1540 985 1603 hiemes
1006 1539 1126 1602 reducit

622 1650 781 1732 luppiter,
805 1650 886 1713 idern

539 1809 727 1873 Summovet.
770 1810 861 1888 Nou,
882 1809 908 1871 si
929 1808 1011 1871 male
1033 1824 1135 1883 nunc,
1158 1813 1189 1868 et
1209 1805 1283 1869 olim

537 1916 592 1981 Sic
613 1917 689 1980 erit:
715 1917 869 2000 quondam
892 1916 1013 1980 cithara
1033 1921 1185 1980 noenum

339 2141 397 2179 mus
416 2127 502 2181 nimiis
518 2129 638 2181 lortunue
662 2129 808 2182 beneflciis.
843 2132 878 2182 cl.
899 2129 983 2183 Germ.
1001 2129 1023 2196 1,
1040 2130 1084 2195 31,
1107 2130 1149 2181 11.
1195 2126 1334 2180 Praeterea
1354 2126 1436 2178 nolim
1544 2171 1545 2180 ,

339 2201 528 2266 praetermittas
547 2209 627 2252 artem
646 2202 674 2253 ln
692 2203 822 2269 positione
839 2201 915 2253 uerbi
935 2210 1008 2254 curet
1024 2203 1207 2268 conspicuam
1227 2198 1322 2249 deinde
1340 2213 1435 2249 versus
1544 2207 1545 2218 ¹

339 2269 357 2321 6
379 2278 406 2321 et
422 2272 438 2323 1
458 2273 522 2322 miro
541 2272 618 2323 modo
636 2273 671 2323 ite
691 2274 849 2340 compositos
867 2271 950 2335 vides,
969 2280 998 2322 ut
1018 2271 1110 2322 iisdem
1129 2270 1194 2323 locis
1215 2269 1438 2321 collocatererba

339 2341 449 2393 eundem
467 2341 590 2395 ambitum
609 2342 730 2396 habentia
748 2344 852 2396 easdem
872 2343 986 2395 efficiunt
1004 2358 1134 2394 caesuras.
1172 2341 1266 2395 Omnia
1283 2339 1438 2410 praeclarae
1544 2367 1545 2414 q

339 2411 416 2463 huius
435 2413 557 2481 strophae
576 2414 705 2466 vocabula
725 2424 796 2466 tanta
811 2423 867 2465 erte
883 2414 1009 2482 disposite
1027 2420 1104 2476 sunt,
1127 2422 1156 2465 ut
1174 2428 1208 2464 ne
1230 2427 1308 2462 uuum
1329 2410 1437 2478 quidem
1544 2463 1545 2472 ,

340 2485 544 2536 sine’oounnuui
566 2487 680 2536 omnium
701 2486 854 2538 detrimento
872 2483 932 2537 loco
951 2487 1035 2553 possit
1053 2488 1161 2536 moveri.
1175 2515 1205 2525 -
1218 2492 1242 2534 et
1261 2481 1358 2554 mnae]
1378 2481 1437 2533 No-

339 2554 433 2605 tundus
453 2572 514 2607 usus
534 2556 735 2622 particularum
756 2557 865 2608 elterum
885 2556 1030 2624 exemplum
1050 2565 1074 2607 et
1086 2555 1212 2621 particula
1231 2553 1361 2616 adiicitur,
1380 2560 1438 2603 ter-

339 2627 402 2676 tium
421 2641 472 2676 nou
492 2629 575 2677 minus
593 2629 723 2679 diversum
743 2627 870 2695 particula
888 2645 944 2695 qne.
982 2627 1055 2691 Quod
1076 2629 1138 2678 setis
1158 2625 1227 2693 apud
1245 2625 1314 2675 hune
1331 2632 1438 2689 poetam

340 2695 463 2763 frequens
482 2705 521 2747 est
538 2699 564 2748 in
583 2698 660 2750 rebus
677 2700 836 2768 tripartitis,
864 2714 941 2765 quem
961 2701 1045 2765 ipsum
1065 2713 1199 2748 numerum
1217 2698 1243 2746 in
1265 2695 1366 2746 deliciis
1386 2693 1438 2744 ha-

340 2766 396 2817 nun
417 2766 544 2818 nonum.
564 2768 597 2819 cr.
618 2769 701 2820 carm.
721 2769 741 2832 t,
765 2772 787 2833 1,
809 2769 852 2821 ea
869 2770 889 2833 l,
910 2768 951 2832 it,
968 2771 1052 2836 usqq.
1071 2771 1092 2831 ι,
1115 2769 1155 2832 ia,
1178 2768 1211 2818 14
1223 2782 1280 2834 sqq.
1298 2766 1319 2830 1,
1339 2765 1385 2825 24.
1407 2764 1436 2817 6.

340 2835 361 2897 l,
379 2835 422 2900 28,
443 2840 464 2888 1.
487 2837 507 2902 l,
525 2837 567 2901 29,
590 2840 664 2891 1-5.
684 2840 705 2903 l,
723 2839 858 2907 35‚33sq.
877 2840 910 2903 ll,
928 2842 954 2903 2,
972 2842 1005 2893 21
1017 2856 1056 2907 sq.
1075 2839 1110 2900 ll,
1126 2838 1153 2900 3,
1175 2839 1257 2904 lisq.
1278 2836 1312 2901 ll,
1325 2835 1435 2903 eosq.

341 2905 373 2970 ll,
391 2909 418 2970 8,
437 2907 533 2961 9-12.
557 2909 590 2972 ΙΙ,
610 2912 652 2974 11,
674 2910 837 2973 11-17.11,
861 2913 902 2974 12,
922 2912 1004 3033 fisqq.
1021 2910 1055 2975 ll,
1078 2909 1119 2974 14,
1137 2909 1203 2977 dsq.
1228 2910 1258 2960 17
1269 2923 1325 2975 sqq.
1345 2905 1377 2966 ll,
1390 2907 1436 2974 19,

341 2978 425 3046 eosq.
458 2979 489 3043 ll,
507 2980 551 3044 20,
571 2981 667 3033 9-12.
704 2982 775 3034 Haeo
796 2980 935 3033 sufficiunt.

340 3049 486 3101 sententiaa
507 3051 555 3103 leae
573 3054 673 3103 ratione
692 3052 853 3121 copulantur.
891 3054 934 3105 Sic
952 3052 1002 3103 hoc
1021 3051 1080 3103 loco
1100 3060 1128 3102 et
1147 3054 1166 3115 1,
1183 3048 1227 3114 29,
1250 3051 1318 3102 1-5
1344 3055 1372 3096 el
1400 3048 1438 3113 ll,

994 2997 1027 3032 on
1058 2981 1162 3032 nomina
1180 2979 1264 3030 solum
1283 2978 1333 3029 sed
1351 2977 1434 3029 etism

238 3161 243 3170 .
340 3119 392 3182 211,
410 3120 507 3172 9-12.
556 3122 610 3173 lam
627 3131 717 3188 patet,
746 3137 792 3174 eur
809 3121 877 3191 quod
897 3124 955 3174 eliis
982 3125 1009 3174 iu
1030 3122 1163 3174 codicibus
1191 3121 1285 3187 legitur
1312 3115 1438 3171 excelsae
1546 3181 1547 3184 Ἴ

341 3194 402 3256 (pro
420 3199 445 3242 et
464 3192 562 3260 ulnae)
582 3193 748 3244 Horatianum
765 3209 819 3245 nou
836 3194 963 3246 videatur.
982 3225 1016 3236 -
1035 3196 1137 3262 inqens]
1155 3191 1189 3242 cl.
1208 3193 1292 3243 Caum.
1312 3191 1346 3253 11,
1365 3187 1391 3252 3,
1409 3192 1439 3244 9.
1458 3201 1470 3220 ·
1546 3187 1547 3210 ¹

392 3285 423 3335 V.
444 3284 485 3336 13.
506 3281 570 3338 lude
588 3287 619 3338 uli
630 3287 748 3341 hocloco
765 3283 896 3358 usquead
916 3289 992 3340 tinem
1009 3290 1092 3341 oratio
1113 3289 1297 3339 sententiarum
1317 3286 1396 3354 plena
1411 3296 1441 3339 et

341 3352 445 3406 brevior
465 3364 491 3406 et
510 3360 645 3410 nervosior
665 3369 704 3411 est
722 3377 798 3428 quern
816 3363 841 3410 in
861 3362 988 3428 superiori
1009 3369 1090 3428 parte.
1128 3359 1201 3423 Quae
1219 3357 1349 3409 simillima
1372 3366 1438 3410 sunt

341 3432 367 3476 et
385 3428 452 3477 iuter
469 3443 498 3478 se
517 3431 650 3497 proxima,
669 3447 700 3481 ea
721 3447 755 3482 ue
773 3433 878 3482 minimo
897 3431 1000 3498 quidem
1019 3439 1126 3481 ermeno
1149 3429 1254 3480 vinculo
1274 3430 1439 3490 vinciuntur,

340 3496 418 3547 immo
436 3513 499 3550 vero
517 3499 630 3552 brevitas
649 3501 750 3553 dicendi
770 3510 878 3570 nugetur
898 3503 980 3569 lignun
998 3501 1137 3567 asyndeti,
1155 3515 1207 3567 quo
1226 3499 1293 3550 bene
1312 3517 1374 3551 usus
1394 3509 1441 3552 est

340 3581 418 3619 versu
439 3567 479 3619 13.
499 3601 532 3611 -
560 3572 683 3640 insomnes
715 3572 836 3639 Epitheta
858 3572 981 3624 eiusmodi
999 3587 1031 3623 ex
1051 3571 1277 3638 personificatioue
1297 3587 1373 3638 qnam
1393 3570 1441 3621 di-

342 3640 424 3691 cimus
442 3649 588 3693 nascuntur.
613 3675 646 3684 -
668 3646 737 3709 uim]
757 3642 907 3694 adverbium
926 3643 975 3694 hoc
996 3659 1054 3694 cum
1075 3643 1168 3693 lactum
1182 3644 1216 3693 sit
1234 3657 1267 3692 ex
1279 3643 1438 3708 pronomine

341 3705 409 3761 ollus
428 3715 475 3780 (ε
495 3711 568 3782 ille),
588 3712 718 3764 diversum
736 3729 751 3765 a
771 3715 902 3781 praesenti
921 3723 1022 3780 tempus
1041 3713 1163 3775 ostendit,
1182 3711 1246 3763 nihil
1261 3711 1339 3763 eliud.
1370 3712 1439 3764 lude

342 3781 437 3847 triplex
454 3786 510 3834 eius
529 3791 568 3834 est
588 3800 666 3846 usus;
686 3788 796 3852 primum
818 3785 850 3838 de
871 3784 971 3835 infinito
990 3792 1107 3851 tempore
1128 3798 1180 3851 quo
1201 3782 1263 3850 quid
1276 3782 1373 3834 laetum
1394 3793 1438 3834 est

341 3860 385 3902 aut
398 3852 461 3914 lieri
480 3853 549 3906 solet
566 3864 704 3922 usurpatur
715 3895 723 3921 ,
749 3864 777 3906 ut
798 3855 946 3924 frequenter
964 3858 1107 3922 reperiatur
1126 3856 1152 3905 iu
1174 3853 1278 3905 labellis
1297 3862 1324 3904 et
1343 3869 1439 3904 esem-

341 3921 406 4043 plis:
423 3924 485 3980 llor.
510 3926 593 3979 Cerni.
615 3925 660 3986 lv,
679 3924 704 3987 tl,
724 3927 748 3977 5.
766 3925 850 3993 Epod.
869 3926 895 3990 3,
916 3928 940 3977 1.
964 3928 1016 3980 Sat.
1034 3926 1054 3988 1,
1077 3926 1214 3990 1,25.11,
1234 3926 1261 3988 6,
1280 3924 1322 3976 79.
1349 3923 1437 3991 Epist.

355 3995 406 4056 ‚3,
428 3996 468 4048 18.
490 3994 511 4058 1,
536 3997 576 4057 ¹0,
588 3993 630 4051 12.
652 3996 801 4060 11,2,197;
820 3997 913 4049 deinde
931 4013 988 4049 cum
1010 3998 1139 4063 praesenti
1161 3996 1270 4061 tempori
1290 4003 1334 4045 aut
1354 4011 1437 4061 pree·

342 4066 445 4117 teritum
465 4075 610 4134 opponatur
629 4076 673 4117 aut
693 4066 813 4130 futurarm,
835 4077 971 4136 utrumque
986 4068 1034 4118 hoc
1047 4067 1170 4118 adverbio
1190 4067 1332 4126 indicatum
1353 4081 1436 4131 prae-

341 4136 443 4186 teritum
463 4139 633 4203 saepissime:
653 4138 736 4189 Carsu.
757 4138 776 4200 1,
799 4140 839 4200 10,
861 4138 886 4191 9.
906 4139 951 4203 111,
974 4141 1015 4200 11,
1035 4141 1060 4190 5.
1079 4138 1122 4202 lV,
1139 4139 1165 4202 9,
1185 4138 1209 4190 9.
1237 4136 1310 4202 Epod
1344 4136 1386 4197 11,
1411 4137 1438 4188 7.

281 4263 289 4271 ,
344 4206 395 4257 Sat.
417 4206 437 4266 l,
447 4208 473 4270 3,
483 4208 526 4259 35.
535 4208 579 4258 to.
599 4209 620 4270 1,
632 4209 659 4271 4,
676 4209 709 4260 51
731 4217 796 4270 cet,
816 4210 942 4260 futurum:
964 4217 1068 4277 praeter
1087 4209 1155 4259 hunc
1174 4208 1208 4259 de
1226 4223 1279 4275 quo
1296 4205 1438 4274 agiturlo-

342 4290 399 4326 eum
422 4277 474 4329 Set.
491 4281 512 4341 1,
529 4281 555 4342 1,
574 4280 632 4331 137.
656 4279 713 4342 l‚6‚
732 4279 773 4331 85.
795 4279 829 4343 ΙΙ,
848 4280 925 4344 om.
938 4310 970 4321 -·
988 4280 1128 4348 quondam]
1149 4278 1306 4329 Aduerbium
1326 4278 1376 4328 lroc
1396 4287 1440 4328 est

341 4346 464 4399 edicetivi
482 4350 600 4416 qnidam
619 4364 670 4417 quo
689 4366 746 4400 eum
768 4366 810 4401 res
828 4351 1004 4416 significetur,
1021 4349 1182 4418 quoequalis
1195 4351 1227 4401 sit
1246 4357 1367 4400 accurate
1380 4363 1436 4399 uon

341 4418 462 4484 tradetur,
483 4420 595 4471 eflicitur
612 4429 641 4472 ut
661 4420 789 4487 piundum
807 4421 930 4473 adverbio
951 4438 1001 4472 nou
1016 4424 1098 4488 magis
1118 4429 1215 4471 eertum
1234 4421 1359 4486 temporis
1375 4433 1438 4470 nro-

339 4498 452 4542 mentum
472 4490 629 4543 ostendatur.
676 4491 760 4554 Quoue
780 4494 836 4543 eius
856 4509 920 4544 usus
937 4508 989 4544 nou
1009 4495 1092 4544 minus
1113 4492 1164 4543 late
1183 4500 1255 4558 patet
1275 4505 1351 4559 quam
1375 4489 1441 4542 oliae
