3117 5042
768 423 1050 489 cinntnun
1130 477 1134 482 .

507 628 538 674 oo
558 610 669 675 Custos
693 609 837 676 uisum
880 607 1022 671 iteddese
1043 607 1185 671 victims

603 717 779 799 Aede-qne
801 716 937 781 odivam
957 723 1126 779 mmm:

645 827 710 890 iios
733 826 874 914 humilem
895 824 1038 891 feriemus
1061 842 1185 907 agnam.

813 1025 1008 1039 m

742 1209 939 1284 Carmen
976 1207 1093 1281 xviii.

559 1396 628 1459 Non
650 1394 726 1457 elur
745 1412 844 1476 nsque
861 1405 988 1457 aureinn

603 1503 675 1566 ltlea
696 1504 817 1566 renidet
837 1503 870 1565 in
890 1502 982 1565 domn
1003 1502 1148 1580 lamnas,

562 1613 631 1674 Non
654 1610 760 1675 trabes
783 1610 957 1687 Hymettiae
1018 1625 1022 1630 ’

603 1721 748 1782 Premunt
767 1720 926 1782 columnas
946 1715 1055 1781 ultim
1075 1697 1192 1778 recisas

529 1846 544 1888 s
568 1826 694 1905 tuin,
716 1845 814 1910 neque
838 1826 937 1900 Attali

361 2024 453 2078 tarum,
470 2015 513 2082 qni
531 2015 559 2066 in
578 2014 699 2066 Mercurii
719 2011 799 2064 tutela
817 2021 885 2064 sant
904 2011 938 2063 cl.
957 2012 1041 2063 Carni.
1059 2010 1093 2076 ll,
1113 2011 1139 2075 7,
1162 2003 1202 2064 13.
1223 2036 1257 2052 -·
1283 2009 1400 2061 reddere
1419 2011 1462 2061 ei-
1537 2029 1538 2036 ¹

362 2087 462 2156 elimas]
482 2086 534 2137 lam
556 2100 614 2136 cnm
631 2085 842 2138 benevolentiam
861 2084 968 2135 deorum
988 2091 1098 2149 uterque
1119 2081 1308 2148 experimen,
1331 2081 1462 2148 imprimis

364 2160 461 2225 gratias
478 2155 623 2207 reddendas
641 2172 701 2207 esse
722 2156 771 2208 diis
790 2158 936 2222 bonamque
955 2169 1028 2220 spem
1046 2155 1076 2203 in
1094 2161 1227 2220 posterum
1248 2151 1462 2222 concipiendam.
1537 2191 1538 2224 3

361 2228 438 2292 Quali
459 2237 544 2279 tamen
564 2227 712 2279 discrimine
732 2229 790 2294 ipse
807 2242 822 2276 n
842 2223 999 2278 Maecenatis
1019 2224 1145 2291 dignitate
1167 2222 1251 2287 absit,
1274 2231 1401 2274 votorum
1422 2223 1463 2273 di·
1537 2245 1538 2252 ι

334 2364 337 2369 ¹
361 2301 485 2352 versitate
503 2298 621 2349 modeste
639 2307 666 2350 et
683 2297 817 2365 pianelam
835 2297 970 2348 indicavit
1017 2294 1119 2347 Deinde
1148 2309 1206 2344 cnm
1225 2295 1280 2345 voti
1298 2295 1382 2345 etiarn
1400 2308 1461 2344 reus

361 2372 396 2421 sit
414 2371 565 2434 Maecenas,
588 2378 661 2420 recte
680 2368 864 2420 concludamur
890 2367 960 2418 haud
986 2369 1023 2418 ita
1041 2365 1123 2418 multo
1140 2372 1200 2432 pest
1218 2366 1365 2417 restitutam
1386 2364 1463 2416 vale-

360 2441 474 2493 tudinem
495 2456 599 2492 carmen
615 2441 739 2509 scriptum
758 2454 827 2492 esse.
1457 2477 1459 2479 a

781 2559 922 2612 Carmen
950 2558 1041 2612 lliilll.
1120 2530 1124 2536 ⁸

430 2662 471 2714 Ab
488 2664 563 2714 initio
580 2663 656 2714 huius
674 2663 794 2716 carminis
813 2677 870 2713 eam
888 2656 1035 2712 invenimus
1054 2660 1227 2721 sententiam„
1238 2672 1306 2726 quae
1326 2656 1462 2711 decimum
1537 2698 1538 2726 3

361 2741 462 2787 sextum
483 2734 558 2785 huius
575 2733 634 2785 libri
652 2734 752 2785 clausit.
789 2733 860 2800 „Ego
880 2734 957 2796 enim,
975 2733 1059 2799 inquit
1072 2739 1158 2797 poeta,
1174 2743 1281 2797 magnes
1299 2728 1401 2797 quibas
1419 2729 1463 2782 in·

361 2805 435 2856 hiare
454 2801 539 2857 solent
559 2806 676 2856 homines
694 2821 757 2871 opes
778 2820 863 2872 neque
882 2804 966 2854 habeo
976 2818 1062 2870 neque
1077 2809 1148 2868 peto,
1167 2809 1194 2852 et
1209 2810 1296 2852 tamen
1309 2801 1343 2851 olt
1357 2804 1461 2870 ingenii
1537 2865 1538 2868 Ἴ

362 2875 501 2930 facultates
520 2879 651 2944 animique
671 2878 792 2943 pietatem
810 2891 961 2942 magnorum
980 2882 1007 2924 et
1025 2875 1131 2923 divitum
1151 2873 1280 2923 hominurn
1291 2871 1354 2922 mihi
1368 2875 1464 2924 conei-
1537 2883 1538 2940 ζ

360 2948 421 2999 liavi
432 2950 584 3008 amicitiam;
605 2963 670 3014 quos
685 2955 713 2997 ut
727 2948 826 2997 maiora
839 2946 899 2996 mini
913 2946 1012 3007 dorent,
1030 2946 1051 2995 si
1062 2944 1167 3006 uellem,
1187 2942 1263 2993 facile
1277 2959 1387 3009 possem
1400 2961 1462 3011 per·
1537 2951 1538 2994 l

360 3034 474 3071 inovere.
494 3019 544 3072 Sed
557 3019 620 3069 nihil
635 3021 721 3085 cupio,
740 3019 800 3069 etsi
820 3017 923 3084 quaeris
942 3034 988 3066 cur
1005 3014 1068 3065 nihil
1088 3016 1207 3081 cupiam:
1227 3015 1287 3135 (puin
1307 3013 1391 3067 v'ideo
1412 3031 1462 3066 non

245 3149 250 3159 ,
359 3098 510 3157 perpetuam
530 3105 589 3140 esse
607 3090 673 3139 lianc
692 3091 770 3138 vitam
793 3090 952 3158 (v.15sq.).
980 3085 1043 3138 llam
1061 3086 1179 3153 proiecto
1195 3094 1235 3136 stu
1246 3086 1339 3136 tissimi
1352 3088 1371 3137 ii
1393 3084 1462 3150 sunt,

360 3175 426 3229 quos
444 3160 476 3211 ad
497 3168 634 3211 extremam
655 3163 725 3211 vitae
745 3159 833 3210 horam
853 3171 946 3225 magna
966 3157 1104 3209 molientes
1123 3156 1260 3220 videmus,
1282 3172 1414 3225 suamque
1435 3165 1463 3208 nt
1537 3165 1538 3200 l

361 3231 483 3298 expleant
501 3231 666 3297 cupiditatem
684 3229 824 3296 crudeliter
840 3231 988 3280 saeuientes
1009 3231 1035 3280 in
1053 3242 1151 3294 egeam
1173 3227 1300 3292 homines,
1319 3244 1369 3280 suo
1389 3228 1463 3290 arbi-

361 3305 411 3353 trio
429 3303 561 3368 expositos
581 3308 620 3369 (ιι.
642 3299 702 3370 28)·
737 3301 793 3364 Qua
811 3301 919 3366 stultitia
939 3312 1008 3367 qnae
1024 3301 1106 3350 maior
1123 3307 1210 3366 potest
1228 3314 1287 3350 esse
1306 3299 1460 3350 hominihus

364 3388 449 3441 aequa
467 3373 527 3439 lege
545 3373 633 3424 mortis
651 3373 801 3423 necessitati
820 3371 970 3424 subiectis?
1007 3369 1070 3427 liam
1090 3373 1147 3437 quis
1171 3372 1284 3421 estsine
1305 3371 1461 3437 prudentis*
1537 3395 1538 3398 ¹

359 3445 440 3496 sinsus
460 3449 497 3513 (v.
516 3444 565 3510 35)
582 3444 640 3495 sive
659 3444 801 3495 ditissimus
822 3449 860 3513 (v.
879 3442 948 3512 37),
968 3444 1012 3510 qui
1032 3444 1107 3492 morti
1127 3457 1156 3492 sc
1175 3444 1257 3508 possit
1275 3441 1460 3493 subtrahere?
1537 3489 1538 3498 ,

360 3515 456 3568 Omnes
474 3517 627 3577 moriemur3
657 3514 704 3566 sed
728 3516 818 3566 veniet
841 3529 911 3564 mors
933 3515 1018 3565 tvans
1037 3515 1150 3577 terrori,
1180 3512 1275 3573 solatio
1293 3513 1459 3579 pauperibus
1537 3531 1538 3552 ι

357 3592 399 3656 (v.
419 3585 574 3655 38-10).“
617 3585 822 3637 Fundamentum
851 3599 903 3652 quo
924 3586 998 3652 qnasi
1027 3585 1117 3635 nititur
1135 3599 1237 3634 carmen
1259 3587 1392 3635 sententia
1415 3586 1461 3636 illa

357 3666 403 3716 est
418 3658 542 3725 frequens
559 3656 629 3725 apud
649 3657 780 3708 llomtium
810 3655 842 3705 dc
862 3657 1001 3706 certamine
1020 3654 1089 3723 quod
1107 3663 1147 3706 est
1167 3656 1233 3706 inter
1250 3655 1460 3722 magnitudinem

357 3729 528 3780 consiliorum
546 3736 574 3779 et
593 3730 663 3778 uitae
681 3728 834 3779 breuitatem
855 3726 995 3790 hominum.
1013 3757 1047 3767 -
1080 3726 1137 3776 lam
1152 3725 1275 3777 habuisse
1293 3734 1348 3776 tum
1373 3726 1456 3778 llore-

356 3802 421 3851 tium
441 3799 562 3852 Sabinam
588 3798 677 3849 villam
707 3814 738 3849 ex
757 3801 836 3848 versu
863 3795 896 3847 14·
916 3805 1014 3847 certum
1033 3806 1091 3859 est;
1118 3797 1243 3847 incertum
1274 3811 1335 3848 num
1361 3797 1458 3849 eodem

355 3878 474 3940 tempore
492 3869 542 3921 hoo
560 3871 686 3936 scriptam
703 3871 744 3933 sit,
762 3883 814 3937 quo
827 3863 890 3918 ¹libii
909 3868 946 3919 lll
964 3883 1066 3932 carmen
1086 3865 1131 3930 ot
1152 3876 1286 3919 anactea.

430 3966 460 4017 V.
482 3968 505 4017 1.
538 3964 612 4033 ebor]
640 3964 680 4015 De
699 3963 820 4015 eburneis
841 3970 868 4014 et
893 3965 978 4014 aureis
996 3962 1162 4014 lacunaribus
1181 3961 1242 4018 vide
1261 3962 1293 4014 nd
1314 3962 1401 4024 Caum.
1424 3964 1459 4030 li,

360 4038 402 4100 to,
423 4038 463 4088 11.
484 4065 517 4079 ·-
536 4036 622 4088 troies
639 4035 793 4107 ilynsettios]
813 4042 872 4086 snut
889 4033 975 4085 trabes
997 4036 1012 4086 i.
1023 4051 1046 4085 e.
1064 4033 1186 4100 epistylia
1203 4049 1237 4084 ex
1256 4049 1387 4086 marmore
1399 4036 1458 4102 ily-

356 4108 449 4160 mettio
468 4107 545 4157 iacta.
594 4105 750 4171 Hymettium
774 4121 806 4156 ex
825 4103 941 4155 condutta
967 4106 1135 4157 marmoribus
1162 4113 1267 4172 praeter
1283 4105 1459 4167 Pentelicum‚

358 4178 474 4239 Parium,
499 4177 620 4230 lunense
637 4176 785 4244 (Melicum,
805 4175 992 4244 Cosuanetes)
1012 4177 1243 4242 pretiosissimum
1272 4178 1337 4228 varii
1360 4177 1459 4231 coloris

358 4246 519 4302 nobilissima
541 4253 613 4298 erant
629 4246 791 4299 Numidicum
820 4246 901 4367 Quod
919 4247 1041 4300 Horatius
1060 4248 1149 4300 verbis
1175 4247 1223 4299 col.
1242 4245 1335 4299 atum
1353 4252 1458 4300 recisa

358 4320 455 4388 Africa
485 4317 662 4386 significavit)
688 4317 801 4379 datum,

360 4391 381 4452 l,
402 4390 443 4452 te,
464 4390 518 4457 19),
538 4389 687 4456 Phrygium,
705 4389 789 4440 rubris
808 4388 915 4450 maculis
935 4398 961 4440 et
978 4389 1053 4441 venis
1071 4391 1187 4452 niumm,
1204 4391 1281 4441 etism
1293 4389 1458 4458 appellatum

356 4460 532 4525 Synnadieum
542 4467 570 4511 et
578 4459 768 4526 Mygdonieum,
780 4460 935 4511 Laconicum
947 4459 994 4512 vel
1003 4460 1166 4524 Taenarium,
1176 4461 1278 4524 viride3
1297 4461 1457 4528 Gir-patinos,

356 4529 481 4582 viridibus
502 4527 612 4582 maculis
628 4536 656 4581 et
675 4532 750 4582 senis
769 4532 884 4582 mixtum.
906 4560 938 4574 -
970 4531 1070 4603 Attalis
1088 4531 1149 4584 vide
1165 4530 1199 4583 ad
1211 4529 1300 4584 'caran
1319 4531 1340 4596 l,
1364 4535 1388 4598 1,
1411 4533 1457 4583 12

845 4317 906 4369 odie
920 4318 1010 4386 *piatio
1038 4320 1127 4388 antico
1162 4319 1321 4370 nominatum
1351 4320 1457 4389 (Epist
