3117 5042
429 329 527 396 trs.
547 332 586 395 ΙΙ.
628 328 739 395 Sd'l'.
761 331 799 395 V.
818 330 870 395 ut
1120 333 1183 395 409

184 516 226 581 Et
245 515 367 598 paulum
387 512 487 580 silvae
506 533 599 601 super
617 513 666 597 hia
688 515 779 579 iuret.
822 516 950 590 amum
969 519 1061 600 atque

183 625 222 690 ui
243 624 351 688 meiius
370 626 484 690 iacere
526 624 609 687 Bene
629 630 694 689 est:
717 624 794 689 nihil
816 626 947 717 amplius
968 643 1043 706 oro,

144 755 160 798 5
183 735 268 799 hiaia
280 724 377 814 ‘nate,
397 731 458 796 nisi
477 741 512 796 ut
533 733 659 816 propria
680 733 756 797 haec
775 733 848 797 mihi
868 752 996 797 munera
1013 735 1103 801 rante

183 842 220 908 Si
239 856 340 926 neque
359 841 503 906 maiorem
526 843 586 905 ieci
609 842 729 909 ratione
749 842 833 906 maia
852 860 937 921 rens,

182 953 247 1017 Nec
267 953 490 1047 sum'iacurrps
511 951 587 1037 vitio
608 952 740 1034 cuipare
762 951 929 1027 minorem

184 1059 221 1123 si
242 1077 383 1149 veneror*
395 1060 505 1122 stultus
526 1059 602 1123 nihil
622 1054 748 1127 horon:
779 1061 805 1122 0
829 1061 856 1123 si
876 1059 1008 1142 angulus
1029 1059 1084 1143 iile

188 1167 520 1248 Proximnaaccedat,
541 1168 591 1251 qui
612 1187 692 1231 nunc
715 1168 876 1232 denormat
893 1155 1066 1250 egettumt'
1106 1180 1116 1195 ‘

137 1277 215 1341 100
244 1277 272 1340 si
294 1295 407 1379 urnam
425 1277 548 1359 argenti
568 1279 633 1340 iors
657 1276 826 1360 quaemihi
848 1283 1013 1358 monstret,
1037 1284 1071 1341 ut
1091 1276 1154 1356 iili,

101 1447 206 1500 ioribus
224 1447 315 1512 honis,
336 1448 559 1523 opntinentissirno
577 1449 605 1500 in
621 1448 741 1500 fruendis
755 1449 863 1502 modicis
882 1466 945 1520 quas
962 1442 1069 1503 heberet
1082 1446 1189 1517 opibus.

101 1520 178 1583 Quae
199 1534 278 1588 prava
298 1520 386 1572 harum
404 1526 490 1572 rerum
511 1522 665 1573 existimatio
684 1537 743 1573 cum
763 1523 864 1574 radices
874 1525 947 1590 quau
963 1530 1054 1591 ageret
1063 1523 1090 1573 io
1099 1523 1188 1589 iniqua

99 1590 290 1658 plerorumque
307 1590 435 1642 hominum
456 1591 488 1642 de
509 1594 578 1643 veris
597 1590 697 1660 gaudiis
715 1608 829 1661 seraque
847 1594 972 1646 felicitate
992 1594 1129 1656 sententia,
1145 1600 1188 1642 te-

100 1664 220 1714 nerrima·
237 1662 362 1729 quaten
386 1664 471 1729 potnit
488 1663 588 1714 ratione
614 1663 733 1714 Horatius
762 1664 854 1732 quibus
879 1665 971 1716 finibus
997 1664 1190 1729 circumscripta

101 1741 195 1784 essent
211 1748 259 1785 sua
276 1742 345 1798 rota,
360 1749 412 1801 quo
429 1733 624 1797 modorircret
634 1750 690 1785 cum
700 1735 860 1799 Maecenate,
880 1736 972 1805 quihus
989 1734 1190 1804 deniquerehns

100 1805 159 1855 vita
177 1819 242 1855 rere
261 1803 336 1855 hesta
355 1813 544 1872 compararetur
563 1805 657 1856 docere
674 1806 779 1858 studuit.
823 1806 886 1859 inde
915 1814 1061 1858 exorta‘est
1079 1807 1191 1857 rusticae

46 1884 50 1888 ’
101 1877 176 1927 vitae
195 1877 283 1927 suavis
302 1875 422 1945 laudato,
439 1872 591 1928 urbanarum
603 1875 777 1928 modestiarum
795 1875 862 1929 lenis
879 1879 1057 1946 reprehensio,
1078 1891 1191 1929 consue-

102 1947 205 1998 tudinis
226 1961 290 1997 suae
307 1963 365 2001 curn
384 1947 533 2015 hisccenste
548 1950 643 2025 p'oposa
661 1948 787 2016 quaedum
806 1952 955 2003 connectio.
994 1950 1090 2002 Poema
1107 1955 1193 2000 autem

100 2018 141 2069 its
158 2026 333 2084 comparatum
353 2026 408 2083 est,
441 2027 469 2069 ut
486 2011 610 2069 rendotum
628 2017 660 2069 ah
681 2019 821 2070 acerbitate
842 2020 1028 2089 hominumque
1042 2019 1112 2087 suisa
1131 2018 1191 2069 irri-

102 2091 183 2140 sione
204 2088 347 2156 proximnm
366 2089 400 2140 sit
420 2088 601 2141 dulcedinem
622 2088 723 2145 lenitati
741 2090 915 2157 epistolarum,
934 2100 963 2143 ut
976 2093 1083 2159 egregia
1098 2090 1191 2157 iraqu-

102 2160 186 2211 litatis
206 2159 293 2224 hande,
312 2175 375 2211 rero
395 2175 427 2210 ex
446 2160 617 2213 mediocribus
637 2160 715 2213 nehus
734 2170 858 2229 percepto
871 2163 976 2231 gaudio,
993 2171 1083 2229 aperta
1098 2177 1129 2212 ac
1141 2173 1193 2210 non

102 2231 226 2284 simulata
246 2246 341 2299 pravae
361 2230 507 2283 ambitionis
526 2231 863 2299 despicientisiaciiiimam
884 2243 910 2285 et
935 2234 1109 2301 pienissimsrn
1125 2232 1193 2285 viam

103 2303 184 2354 nohis
199 2304 303 2369 'muniat
319 2302 351 2352 ad
369 2311 440 2353 recte
452 2304 635 2355 aestimandam
646 2302 782 2355 amahiiem
791 2304 887 2356 Horatii
897 2312 1022 2369 naturam,
1039 2318 1090 2372 qua
1100 2316 1190 2353 omnes

104 2376 151 2442 qni
170 2375 267 2442 primos
287 2381 384 2424 tantum
399 2388 490 2425 versus
508 2374 620 2442 tegerint
636 2376 719 2425 statim
738 2376 871 2442 capiantur
897 2389 1008 2427 necesse
1027 2383 1075 2426 est
1118 2373 1194 2427 Scri-

37 2472 38 2481 ι
104 2454 180 2514 ptum
197 2453 284 2496 ιιιιιιιιι
309 2459 401 2511 poema
418 2454 458 2496 est
476 2454 588 2497 exeunte
606 2459 673 2495 anno
694 2446 754 2498 723.
789 2446 852 2497 ‘ium
870 2448 939 2507 eninr
959 2446 1053 2497 curiosi
1075 2444 1193 2495 homines

105 2531 237 2586 quaerero
261 2523 400 2583 potueruut
426 2514 459 2568 de
483 2517 560 2570 Dacis
578 2523 616 2581 (v.
636 2514 703 2584 53),
732 2517 776 2585 qui
800 2517 912 2569 Antonio
941 2510 1018 2584 quem
1043 2515 1196 2568 adnuerant

103 2589 216 2641 Actinca
235 2602 323 2657 pugna
350 2585 453 2639 devicto
479 2596 564 2641 motus
582 2586 701 2655 ciohant,
732 2597 760 2639 ut
776 2589 922 2655 insequenti
940 2603 1009 2641 anno
1029 2588 1062 2638 ht.
1077 2587 1197 2647 ,crassus

105 2664 201 2713 contra
220 2673 266 2710 eos
285 2660 445 2721 mitteretur3
473 2666 526 2710 turn
554 2660 635 2711 etiam·
649 2657 771 2726 frequens
795 2661 862 2710 inter
885 2661 966 2711 circs,
983 2673 1067 2710 sermo
1090 2664 1146 2709 erat
1163 2655 1198 2706 do

105 2730 293 2785 distributione
309 2742 449 2796 agrorum,
490 2745 523 2781 ua
548 2729 720 2798 periculosam
745 2738 926 2782 veteranorum
950 2729 1104 2785 militnmjn
1121 2726 1198 2779 ltalia

105 2802 265 2855 seditionem
292 2816 325 2852 ex
340 2800 403 2852 Asia
422 2746 545 2852 sergiano
563 2801 719 2854 Octavianus
738 2803 823 2853 media
841 2802 909 2871 iqter
927 2816 1009 2853 annos
1035 2796 1198 2852 tut-724

106 2873 195 2926 hieme
214 2871 318 2927 sedavit
337 2875 376 2939 (r.
397 2871 460 2939 55);
478 2870 532 2923 tuni
550 2872 662 2941 deniquo
681 2874 810 2938 negotiosi
829 2871 946 2925 homines
964 2872 1199 2936 iloratiumrogare

106 2951 259 3013 potuerunt,
279 2951 307 2994 ut
324 2940 432 2994 tabelias
449 2959 516 2995 suae
529 2943 607 2995 annio
624 2943 757 2996 Octaviani
770 2959 785 2994 a
800 2944 948 2996 iiaeceirate
957 2940 1130 3009 obsignandas
1149 2955 1199 2990 cu·

108 3025 179 3068 roret
200 3014 242 3084 (v'.
261 3012 318 3082 38).
355 3012 498 3067 hiaeceuati
519 3012 586 3065 enim
605 3013 760 3071 Octavianus
780 3014 813 3065 ad
831 3014 927 3066 heilum
945 3013 1113 3083 proficiscens
1132 3027 1198 3062 anu-

106 3088 159 3139 lum
178 3087 349 3155 signatorium
367 3085 485 3153 sphingis
504 3086 616 3153 imngine
628 3086 775 3153 insignitum
791 3088 961 3148 commiserat,
980 3093 1008 3137 ut
1021 3100 1086 3136 unus
1101 3082 1198 3134 italicis

105 3158 190 3211 rebus
209 3142 358 3226 praees'set;
382 3157 423 3225 cui
444 3165 555 3209 exeunte
574 3156 814 3209 demumannoihd
833 3159 919 3209 socius
939 3155 1039 3209 additus
1052 3155 1200 3222 esthgrip-

104 3246 149 3298 pa.
188 3229 281 3281 Restat
299 3237 328 3279 ut
352 3240 470 3279 moneam
494 3230 605 3296 nequis
632 3228 723 3279 eodem
741 3243 808 3280 anno
833 3228 952 3281 Sabinam
978 3226 1066 3279 viliam
1095 3226 1200 3277 Horatio
1232 3278 1234 3282 ,
1336 3284 1339 3295 .

106 3296 195 3353 datam
214 3300 276 3351 'esse
295 3298 396 3361 credat3
415 3300 491 3350 immo
510 3306 572 3349 tero
591 3298 746 3351 desiderium
766 3300 847 3362 ruris,
868 3309 939 3368 grata
960 3299 1132 3350 rusticationis
1151 3295 1201 3347 de-

105 3372 229 3441 scriptio,
249 3371 361 3421 rusticao
380 3370 450 3421 vitae
468 3369 783 3423 consuetudoiirmissimn
798 3372 927 3437 evincunt,
945 3386 1043 3439 paucos
1063 3378 1133 3419 certe
1152 3382 1201 3417 an·

105 3459 156 3497 nos
175 3444 311 3495 Horatium
329 3440 520 3501 iamhahuisse
539 3449 612 3492 suunt
630 3441 770 3507 praedium.

183 3549 215 3601 V.
239 3552 264 3600 1.
298 3548 375 3617 eous]
394 3546 474 3599 diano
491 3546 559 3613 apnd
577 3544 660 3597 honos
682 3548 822 3614 scriptores
840 3546 967 3614 pedestris
991 3543 1115 3596 orationis
1139 3546 1201 3592 rota

105 3622 236 3673 dicuntur·
253 3634 300 3686 pro
319 3619 422 3686 optatis,
439 3633 519 3684 saepo
536 3617 604 3683 apud
623 3624 830 3685 poetaseosque
848 3619 890 3685 qui
910 3616 1000 3668 secuti·
1012 3621 1071 3665 sunt
1088 3613 1203 3679 scripto-

105 3709 189 3757 res„
208 3690 242 3741 ci.
261 3705 287 3740 v.
307 3690 350 3742 59.
386 3689 468 3756 Epist.
489 3689 510 3752 1,
533 3690 575 3753 11,
594 3690 619 3741 5.
659 3688 681 3751 1,
701 3687 743 3747 14,
761 3689 806 3739 41.
840 3688 962 3751 t,2‚56.
999 3686 1052 3738 Sat.
1074 3684 1095 3747 i,
1114 3685 1138 3746 1,
1157 3685 1200 3734 22.

106 3763 198 3816 Garm-
218 3761 261 3824 tr,
282 3762 324 3826 13,
346 3762 369 3811 1.
406 3760 435 3813 G.
454 3761 480 3814 S.
502 3760 544 3812 71.
581 3759 663 3826 Epod·
681 3760 706 3823 7,
723 3759 748 3814 9.
778 3759 820 3821 17,
837 3759 880 3812 62.
898 3790 933 3803 -
956 3758 1024 3825 iupis
1042 3759 1135 3823 nqeue]
1157 3755 1201 3806 Sic

107 3836 261 3900 commoge3
281 3841 308 3884 ut
321 3831 403 3898 Epist
422 3831 444 3895 Ι,
467 3833 508 3895 15,
528 3831 570 3887 16.
606 3861 641 3873 -
678 3845 755 3899 super
771 3830 823 3899 his]
853 3829 882 3881 ln
904 3825 1091 3897 prosameiios
1109 3826 1203 3877 dicitur

108 3922 192 3973 uper
213 3904 288 3955 hoec.
312 3901 392 3956 ‘Vide
410 3902 511 3969 Zumpt.
531 3917 569 3969 gr.
588 3901 686 3966 §.dih
723 3902 843 3952 Ceterum
861 3901 894 3952 ci.
913 3900 997 3953 Caram
1016 3898 1049 3961 it,
1069 3897 1110 3963 18,
1122 3898 1202 3963 ilsq:

108 3974 163 4039 111,
181 3974 224 4039 16,
241 3974 326 4042 29sq.
366 3973 449 4041 Epod.
470 3975 494 4038 1,
512 3973 555 4024 31.
585 4004 621 4014 -
650 3971 813 4044 hisio'oote]
838 3973 944 4023 huocat
963 3968 1116 4023 Mercurium
1136 3983 1204 4036 κερ·

108 4047 200 4118 δῷον.
221 4046 255 4096 ci.
275 4047 328 4098 Sat.
343 4045 381 4109 il,
399 4047 425 4108 3,
444 4032 487 4100 68.
511 4045 597 4097 hiatris
615 4053 700 4095 autem
720 4058 814 4115 nomeu
832 4045 858 4095 in
876 4042 997 4111 precihus
1015 4037 1136 4090 hiandum
1154 4047 1202 4089 est.

105 4149 148 4162 --
166 4118 191 4169 si
208 4132 290 4183 neque
310 4121 369 4189 cet]
387 4115 521 4186 Frequens
540 4118 566 4166 io
583 4114 704 4182 precihus
723 4114 848 4182 particulo
868 4116 891 4165 ei
909 4113 941 4164 ad
963 4110 1128 4163 indicandam
1144 4124 1204 4160 mo-

103 4190 223 4242 destiam
240 4189 450 4254 intirmopeneri
470 4186 582 4238 humano
600 4188 690 4237 iustam
710 4195 736 4237 et
759 4185 791 4236 ad
811 4184 990 4236 vindicandam
1009 4181 1106 4249 aliquid
1126 4179 1202 4231 ediis

105 4258 239 4330 precandi
258 4260 423 4328 aequitatem.
461 4258 546 4322 Quare
567 4274 633 4325 quae
650 4258 796 4308 dubitanter
816 4257 976 4319 dicunturea
987 4253 1089 4323 quidem
1106 4251 1203 4302 hahent

106 4346 220 4391 caussru
240 4332 303 4397 spei'
316 4330 373 4382 iore
390 4339 418 4381 ut
439 4330 474 4381 dii
494 4329 670 4396 iaciuntquao
691 4328 811 4396 precihus
830 4334 988 4396 expetentur.
1011 4324 1107 4376 Horatii
1117 4330 1202 4389 antem

104 4406 194 4454 causa
211 4402 308 4469 triplex
327 4409 383 4463 est,
411 4402 470 4453 indo
489 4410 530 4465 ter,
546 4399 672 4469 particula
689 4403 712 4451 si
731 4401 831 4466 posita,
861 4408 936 4466 quarn
963 4396 1084 4463 apodosis
1105 4390 1213 4458 excipit

103 4491 193 4529 versu
215 4474 256 4527 13.
276 4505 310 4521 -
333 4478 454 4546 ueneror]
476 4473 536 4526 ride
554 4472 586 4524 od
605 4473 632 4525 G.
656 4474 679 4523 S.
700 4472 742 4524 19.
776 4473 828 4527 Sat.
850 4471 882 4536 ΙΙ,
900 4471 926 4535 2,
948 4470 1006 4523 124.
1026 4500 1059 4509 —
1079 4465 1202 4536 Ηιιτιιὶι]
