3117 5042
812 393 1008 458 neubon

648 575 690 639 Et
710 594 804 639 crura
824 576 906 640 dure
925 577 1080 658 compede.

533 703 547 745 s
569 683 655 747 lieet
676 684 826 766 superbus
849 685 988 748 ambules
1011 685 1162 766 pecunia,

647 792 786 855 Fortuna
804 811 867 855 uon
889 798 985 856 mutat
1006 810 1116 874 genus.

566 900 720 977 Videsne,
741 918 863 963 serrem
882 900 1027 964 metiente
1050 908 1080 962 te
1102 898 1184 964 viam

646 1007 723 1071 curu
743 1008 791 1070 bis
810 1008 901 1071 ulum
920 1009 1062 1072 ulnarum
1083 1006 1180 1089 tege,

565 1117 605 1180 Ut
626 1135 683 1180 era
703 1125 807 1180 vertat
830 1116 890 1179 bue
910 1122 942 1178 et
963 1115 1023 1179 buc
1045 1116 1180 1179 euntium

510 1243 540 1285 lt)
641 1224 1032 1306 mimatensium
1180 1200 1190 1221 '

565 1333 676 1398 Seotus
695 1332 833 1416 flagellis
853 1332 903 1395 bie
921 1331 1166 1395 triumviralibus

649 1442 815 1505 Prueeonis
835 1441 875 1504 ad
897 1440 1055 1504 fastidium

565 1550 645 1614 brut
665 1551 793 1614 Rulerni
813 1550 899 1612 mille
919 1548 1006 1612 brodi
1028 1548 1139 1630 lugere

649 1659 690 1721 Et
711 1658 843 1740 Appiam
862 1658 984 1722 mannis
999 1658 1090 1734 terit,

515 1785 544 1828 rs
564 1766 783 1849 sedilibusque
801 1784 933 1849 mugnus
955 1767 987 1829 iu
1008 1764 1117 1847 primis
1138 1782 1232 1848 eques

647 1877 768 1940 (ltlrone
789 1883 963 1958 contempto
985 1876 1083 1939 sedet.

568 1984 646 2062 quil
671 1986 782 2049 attinet
802 1993 849 2048 tol
871 2004 927 2088 pra
951 1978 1075 2049 unimur
1096 1982 1188 2067 graui

369 2158 452 2209 tortis.
474 2187 502 2199 ο
521 2161 634 2228 peruste]
656 2157 738 2224 Epist
757 2156 779 2219 l,
802 2157 844 2219 16,
854 2155 896 2211 47.
934 2156 1015 2209 Urunt
1035 2157 1103 2208 enim
1121 2155 1230 2207 vulnera
1248 2152 1354 2223 flagellis
1374 2153 1440 2203 bete.

368 2257 402 2270 -
434 2229 563 2298 compede]
591 2228 620 2279 ln
641 2243 718 2296 prosa
737 2230 854 2278 oratioue
873 2228 982 2279 usitatus
1011 2227 1083 2279 solus
1111 2228 1160 2278 luit
1185 2226 1294 2292 pluralis
1317 2239 1441 2286 numeriam

369 2299 453 2365 aptior
468 2300 573 2367 utique,
597 2314 655 2350 eum
675 2298 843 2365 compedibus
863 2299 947 2365 pedes
963 2300 1092 2366 utrimque
1109 2299 1190 2349 sinctt
1210 2298 1441 2363 constringerentur.

368 2369 464 2421 Poetae
485 2372 594 2436 primum
611 2371 650 2420 usi
675 2378 735 2422 suot
764 2369 878 2421 ablativo
899 2370 1052 2437 singularis,
1083 2378 1176 2437 postes
1202 2370 1279 2420 etiam
1298 2369 1407 2436 genitivo
1422 2373 1444 2415 et

370 2441 530 2492 accusativo.
548 2472 583 2481 -
601 2440 722 2510 ambulet]
743 2440 796 2492 Sat.
815 2439 836 2505 1,
854 2441 880 2505 2,
898 2442 942 2491 25.
964 2441 985 2501 l,
999 2440 1024 2504 4,
1035 2441 1086 2502 663
1103 2441 1241 2506 respicitur
1261 2439 1368 2501 bominis
1387 2437 1443 2487 ale-

369 2514 448 2562 ontio
469 2511 601 2578 diguitatis
620 2520 652 2563 et
664 2513 807 2578 gravitatis.
829 2515 962 2579 -s'qesus
994 2511 1061 2563 liele
1079 2512 1239 2577 interpretati
1256 2519 1317 2561 snut
1336 2508 1443 2561 seruilem

369 2582 558 2646 condicionem,
576 2598 633 2632 cum
652 2585 686 2634 sit
703 2599 786 2650 genus
805 2597 911 2632 morum.
948 2582 1021 2634 llam
1040 2582 1158 2633 Horatius
1177 2580 1288 2632 libertini
1303 2580 1369 2631 lilius
1383 2584 1444 2628 recto

369 2652 464 2704 iudicio
485 2655 597 2705 munitus
616 2668 668 2704 non
689 2659 872 2719 vituperasset.
912 2683 944 2692 -
980 2654 1092 2704 Sacram
1110 2654 1238 2722 metiente]
1258 2654 1360 2705 Sacram
1377 2652 1444 2711 viem,

369 2738 437 2791 quae
456 2724 488 2775 ad
508 2724 663 2791 Capitolium
682 2723 810 2788 ducebat,
837 2722 1003 2790 frequentare
1029 2724 1131 2775 solebat
1156 2725 1298 2774 otiosorum
1326 2722 1444 2775 bominum

368 2793 452 2845 turba.
472 2795 523 2846 Sat.
542 2796 563 2856 l,
582 2795 607 2859 9,
629 2798 652 2849 1.
689 2795 779 2846 Metiri
797 2802 882 2844 autem
900 2794 993 2845 acerbe
1012 2792 1108 2846 dicium
1127 2795 1158 2845 de
1174 2795 1278 2845 bomine
1296 2795 1339 2862 qui
1358 2796 1444 2842 otiosus

369 2872 397 2915 et
415 2879 497 2916 venus
518 2873 596 2916 totam
616 2867 684 2915 siem
705 2864 872 2931 perambulat,
891 2863 948 2915 aliis
970 2866 1071 2916 scilicet
1089 2874 1117 2916 nt
1135 2865 1254 2916 ostendat
1271 2881 1348 2933 quam
1366 2860 1444 2928 amplis
1515 2882 1516 2915 3

369 2942 396 2985 et
413 2937 533 3002 pretiosis
562 2937 722 2987 vestimentis
747 2943 840 2986 utatur.
885 2935 952 2986 Telis
970 2938 1038 2986 enim
1064 2944 1126 3003 toga
1152 2945 1192 2988 est
1216 2952 1284 3004 quae
1310 2930 1444 3001 insequenti
1515 2984 1516 3003 ,

368 3020 446 3058 versu
468 3006 637 3067 describiurr3
655 3012 695 3057 cui
715 3006 778 3057 nibil
798 3006 866 3057 desit
880 3005 948 3074 qnod
968 3007 1080 3058 delicato
1100 3009 1176 3057 etiam
1195 3006 1291 3057 bomini
1313 3014 1408 3074 gratum
1424 3006 1445 3052 et
1515 3006 1516 3013 ’

368 3078 463 3128 lustuns
483 3080 566 3145 possit
584 3077 676 3128 videri.
712 3077 740 3128 ln
760 3077 835 3128 codd.
854 3080 977 3143 scriptum
996 3086 1035 3129 eet
1054 3079 1091 3128 dir
1110 3086 1167 3141 terr
1196 3094 1227 3129 ex
1252 3078 1348 3145 quibus
1373 3072 1445 3125 verbio

368 3163 427 3197 oum
445 3156 504 3213 apta
523 3149 650 3199 sententie
669 3163 720 3198 non
740 3150 823 3215 possit
843 3150 998 3215 extorqueri,
1017 3148 1168 3214 recipienda
1187 3149 1235 3199 luit
1249 3150 1385 3215 ingeniosa
1393 3145 1445 3195 ltu-

367 3218 415 3268 tlrii
433 3221 582 3269 coniectura
602 3220 640 3269 bie
660 3221 745 3283 trium,
765 3222 916 3284 praesertim
936 3234 994 3270 cum
1012 3219 1111 3285 aliquid
1127 3218 1217 3269 anxilii
1230 3218 1338 3270 accedat
1347 3234 1379 3269 ex
1390 3216 1445 3267 scri-

368 3297 444 3354 ptura
461 3290 567 3339 duorum
596 3289 720 3340 bonorum
741 3290 859 3339 codicum
883 3289 921 3338 bis
941 3289 1154 3354 .t.slnurrrm,·
1184 3305 1262 3357 quam
1282 3290 1359 3343 vides
1381 3285 1445 3338 lacile

368 3360 485 3425 potuisse
503 3359 536 3409 ab
554 3361 663 3409 incautis
683 3359 775 3410 scribis
796 3360 925 3425 corrumpi
964 3391 999 3402 -
1026 3361 1077 3410 buc
1094 3370 1118 3411 et
1135 3362 1195 3434 buc]
1218 3362 1325 3426 poetice
1342 3374 1387 3427 pro
1406 3357 1445 3407 bue
1514 3356 1515 3419 ι

368 3438 395 3480 et
414 3429 484 3481 illuc.
504 3429 566 3480 vide
585 3429 618 3480 ad
637 3429 718 3496 Epod.
737 3430 816 3493 231.
835 3463 869 3472 -
891 3430 1103 3501 triumviralibus]
1125 3431 1197 3494 Quae
1215 3439 1360 3502 sequuntur
1377 3441 1445 3494 usque
1514 3438 1515 3487 ;

329 3497 335 3505 ’
367 3499 401 3552 ad
422 3499 499 3551 briem
518 3502 638 3551 carminis
656 3502 787 3551 imitantur
805 3515 937 3551 sermones
959 3500 1106 3563 bominum,
1132 3503 1245 3570 quitum
1265 3502 1391 3553 nefarium
1407 3498 1445 3547 io-

367 3572 463 3622 mine'm
481 3573 638 3637 sumptuosis
657 3571 868 3638 mollissimisque
888 3571 1004 3622 vestibus
1023 3570 1140 3623 indutum
1159 3572 1264 3640 gloriari
1284 3569 1445 3642 indignaban-

368 3648 417 3692 tur.
455 3642 589 3693 Triumviri
610 3642 735 3708 capitales
755 3641 788 3691 de
804 3641 907 3693 delictis
924 3656 1058 3693 servorum
1079 3642 1189 3695 aliorum
1207 3644 1342 3694 bominum
1362 3641 1447 3693 vilioris

368 3715 493 3780 generis,
527 3715 604 3764 etiam
626 3714 820 3780 peregrinorum
840 3712 1034 3780 cognoscebant
1054 3714 1244 3782 suppliciisque
1263 3730 1356 3765 eorum
1382 3724 1447 3779 prae-

368 3791 447 3835 erant.
485 3786 508 3835 Α
527 3784 620 3851 quibus
639 3782 773 3833 damnatus
793 3784 814 3833 si
833 3785 891 3850 quis
910 3783 1071 3846 caederetur,
1090 3800 1184 3850 praeco
1204 3785 1280 3836 simul
1302 3786 1411 3836 criminis
1426 3786 1446 3830 et
1513 3806 1514 3841 q

367 3868 468 3920 poenae
488 3870 570 3922 genus
589 3870 682 3921 magns
703 3868 770 3904 voce
788 3853 971 3919 proclamabat.
995 3885 1026 3895 -
1055 3855 1171 3929 Falerni]
1195 3864 1221 3906 et
1239 3854 1446 3907 amoenissimiet
1513 3866 1514 3917 1

369 3923 528 3976 fertilissimi.
552 3956 584 3971 μ-
601 3926 713 3995 menie]
734 3924 844 3975 vidend
863 3925 947 3976 Germ.
966 3924 1011 3988 lli,
1029 3924 1073 3989 27,
1092 3927 1116 3978 7.
1136 3956 1165 3969 -
1188 3928 1261 3997 terit]
1280 3923 1445 3994 frequentibus

366 3996 399 4045 ad
418 4010 464 4045 suu
485 3997 511 4045 in
530 3994 590 4047 Cam
611 3998 670 4046 ania
687 3995 794 4062 praedia
813 3995 956 4046 itineribus.
976 4029 1010 4038 -
1029 3995 1136 4069 Othone}
1155 3991 1445 4050 lenesmontem.

368 4065 403 4132 pl.
417 4081 440 4115 a.
454 4082 470 4114 u
489 4081 504 4114 o
522 4067 573 4119 687
594 4011 653 4134 rege
674 4068 754 4116 vetuit
771 4082 805 4116 ne
824 4068 881 4133 quis
900 4068 926 4116 in
936 4066 1140 4133 quattuordecim
1160 4067 1281 4134 gradibus
1301 4069 1445 4123 oretenus,

367 4138 393 4186 ln
413 4152 464 4203 qua
482 4146 615 4188 senatores
633 4136 765 4193 sedebunt,
787 4138 910 4202 proximis
929 4136 1048 4201 sederet,
1065 4139 1115 4188 nisi
1136 4139 1179 4205 qui
1201 4154 1282 4206 eques
1302 4148 1330 4189 et
1347 4132 1446 4206 equesti

368 4220 448 4257 censu
468 4216 546 4258 esset.
585 4208 631 4258 llic
652 4209 729 4274 igitur
751 4206 828 4258 bomo
846 4215 896 4258 tam
918 4207 967 4258 init
989 4207 1073 4271 dives,
1092 4217 1120 4259 ut
1138 4207 1222 4277 legem
1244 4210 1366 4260 Rosciam
1383 4208 1447 4257 tbee·

366 4278 457 4329 trslem
476 4278 554 4329 laeile
571 4286 661 4343 posset
678 4286 852 4329 contemnere.
863 4311 894 4320 -
905 4278 973 4343 Quid
989 4280 1090 4348 ausser]
1110 4278 1146 4330 nil
1160 4279 1274 4346 expedit,
1293 4280 1331 4331 nil
1347 4277 1447 4347 prodest
1512 4280 1513 4303 l

367 4348 419 4399 Cic.
441 4347 495 4398 Fin.
509 4348 552 4410 lv,
563 4350 613 4399 22:
634 4348 716 4415 „Quid
735 4350 840 4399 attinuit
855 4364 913 4400 cum
931 4351 973 4412 iis,
994 4348 1148 4417 quibuscum
1166 4366 1194 4401 re
1214 4351 1378 4415 concinebat,
1396 4362 1446 4398 rer·

367 4418 407 4469 bis
428 4417 576 4484 discrepare
584 4417 615 4467 ‘l‘
632 4452 667 4461 -
701 4435 750 4469 era
767 4421 872 4471 neuim
890 4421 1016 4494 rostrato]
1036 4420 1106 4472 rttnil
1127 4421 1277 4474 mutandum
1297 4430 1446 4490 nequeenim

366 4486 484 4538 Rentleio
500 4486 663 4539 scribendum
683 4496 721 4541 tot
738 4506 804 4541 sere
822 4498 868 4541 aut
884 4506 943 4542 cum
963 4491 1102 4544 Senadcno
1120 4500 1253 4545 rostra-
1270 4501 1373 4546 cerate
1390 4489 1447 4543 Por-
