3117 5042
369 434 463 497 titt.
489 436 513 496 Ι.
557 431 707 498 cauit.
729 433 1021 500 XXXIV.‘XXXV.
1200 436 1247 499 05

385 612 522 674 Mortale
542 630 653 694 eorpus
675 613 725 675 vei
747 614 897 694 superbos

425 719 556 782 Vertere
578 719 737 783 funeribus
759 720 946 802 triumphus,

255 891 260 906 =
310 868 391 930 r'i'e
414 885 533 949 pauper
553 868 648 931 amitit
669 863 805 931 sollicite
825 886 917 951 prere

346 973 438 1038 ituris
461 976 611 1056 solanus,
633 982 665 1038 te
687 976 840 1039 dominam
863 979 1025 1061 aequoria,

385 1082 561 1166 Quicunque
582 1079 721 1161 ntttym·
736 1085 864 1147 taoessit

424 1190 631 1273 Carpathium
654 1192 785 1274 pelagius
806 1192 925 1255 surina.

342 1339 391 1401 'l'e
411 1321 513 1402 Darna
534 1357 643 1425 anper,
667 1345 699 1401 te
718 1338 844 1421 profugi
864 1338 1000 1416 Scythae

288 1462 319 1506 ru
339 1445 496 1529 iiriesque
515 1455 684 1530 gentesque
704 1452 736 1508 ei
749 1441 871 1509 Latium
893 1448 984 1509 ierox

384 1554 563 1637 regumque
583 1561 697 1618 matres
718 1553 921 1618 barbarorum
943 1560 974 1615 et

422 1659 571 1745 Purpurei
592 1669 730 1728 metuunt
749 1663 896 1743 tyranni,

341 1812 492 1876 iniuriosa
517 1832 557 1877 ne
579 1814 656 1896 pede
677 1830 813 1895 proruas

137 1998 230 2051 dubita
249 2001 275 2051 ri
292 2007 395 2051 erertm
415 1997 599 2070 (111134).
637 1996 689 2054 Sed
706 2007 734 2052 tu
747 2012 800 2053 non
817 1995 927 2052 libidine
944 2012 987 2052 ras
1004 1999 1075 2068 repis
1092 1996 1231 2069 hominum,

132 2069 186 2122 sed
204 2071 322 2138 sequeris
338 2072 512 2123 immutabiles
531 2072 694 2124 necessitatis
711 2079 740 2123 et
759 2074 874 2139 ipsarum
893 2087 978 2123 rerum
997 2069 1108 2139 legeret
1122 2082 1232 2127 eventus

133 2148 199 2203 (stu.
220 2142 266 2206 5);
292 2142 458 2209 quamobrem
485 2143 570 2210 qualis
587 2144 624 2193 ris
644 2143 805 2210 perspiciunt
824 2143 889 2208 Spes
908 2150 934 2192 at
952 2142 1050 2206 Fides,
1075 2145 1230 2197 comitantur

131 2210 185 2262 tibi
205 2212 413 2280 quandocunque
431 2221 523 2264 emota
541 2219 567 2264 ut
584 2221 684 2264 moesta
702 2212 807 2281 quidem
827 2211 882 2276 sed,
902 2214 1024 2280 qnoniam
1043 2215 1151 2278 munao
1161 2224 1230 2267 turm

132 2296 186 2334 sna
207 2282 362 2350 pierumque
382 2283 458 2350 eulpa
474 2283 593 2335 hominus
610 2284 730 2351 perdunt,
747 2284 852 2335 iniurius
878 2285 1020 2348 potentium
1039 2284 1130 2336 domos
1146 2285 1230 2337 relin-

133 2354 197 2421 quis
215 2359 274 2414 (str.
293 2354 334 2420 6).
378 2354 442 2405 Nam
460 2353 492 2405 ab
510 2353 694 2420 innocentibus
711 2354 838 2421 pertidum
856 2352 939 2404 solum
957 2353 1053 2422 vulqus
1073 2361 1101 2405 et
1119 2356 1164 2422 qui
1181 2370 1229 2407 suu

131 2423 251 2475 utilitate
269 2424 326 2475 unis
342 2424 472 2476 ducuntur
486 2440 546 2476 uum
568 2426 619 2480 mis
637 2423 711 2477 dunis
730 2424 857 2477 recedunt
874 2430 932 2484 (etr.
956 2425 994 2492 i}
1030 2424 1067 2476 'i'u
1086 2426 1167 2492 igitur
1187 2434 1230 2477 tu·

134 2501 195 2546 tare
213 2493 350 2546 &mrem
367 2509 487 2563 quaeque
504 2503 612 2547 conatur
630 2495 741 2559 adiuva3
767 2495 819 2547 iroe
836 2494 905 2546 enirn
921 2493 998 2546 nobis
1017 2503 1107 2562 erepto
1125 2494 1228 2547 dilabe-

132 2579 224 2617 rarnnr
243 2566 336 2617 iterum
354 2564 504 2630 discordia,
529 2568 606 2618 euius
630 2582 683 2618 noa
703 2566 754 2618 diui
773 2573 860 2633 potest
878 2572 1001 2632 quantum
1020 2579 1069 2617 nos
1086 2568 1226 2633 poenitent

132 2633 241 2687 Gladios
259 2644 362 2688 uorans
381 2644 468 2688 nostro
497 2651 590 2689 eruore
615 2636 727 2690 iniectos
746 2644 774 2688 et
792 2635 942 2705 profanatos
963 2636 1038 2688 noris
1057 2642 1086 2688 tn
1102 2639 1228 2704 auspiciis

132 2708 263 2759 eonsecra
281 2709 361 2775 inque
378 2708 461 2759 iustus
480 2705 569 2759 hortm
585 2714 710 2760 converte
730 2707 834 2777 (1118.
853 2706 879 2759 9.
900 2705 978 2771 101·
1021 2705 1088 2759 iiius
1117 2707 1228 2775 expedi-

133 2777 234 2841 tiones,
252 2779 350 2844 primae
367 2778 473 2846 quidem
484 2793 552 2845 quaa
569 2777 719 2845 compositis
738 2778 815 2832 bellis
833 2774 954 2829 oivitibm
973 2791 1083 2846 magnae
1102 2792 1229 2845 pussen-

130 2854 185 2910 tur,
204 2848 266 2916 quid
285 2848 318 2900 ad
336 2847 525 2916 emtirpundam
544 2849 744 2902 domesticorum
761 2857 876 2901 motuum
889 2845 991 2898 laedam
1009 2850 1159 2901 memoriam
1178 2865 1227 2902 va-

130 2918 231 2970 luerint
248 2927 363 2971 extruens
381 2935 440 2987 pars
457 2921 578 2972 carminis
596 2919 726 2982 ostandit;
745 2934 826 2987 quare
843 2917 876 2971 iia
900 2916 1062 2984 potissimum
1079 2925 1109 2968 ut
1123 2918 1228 2974 adesset

130 2987 248 3041 Fortuna
266 2991 405 3042 Antinoi
425 2991 515 3043 inuno
532 2992 618 3043 animo
639 2990 758 3043 Homine
777 2990 879 3057 petivit
908 2987 1039 3054 Scriptum
1055 2986 1159 3042 videon
1168 3006 1228 3043 car·

128 3074 192 3112 men
209 3075 235 3112 a.
252 3076 277 3112 u.
297 3075 320 3112 o.
339 3062 399 3115 727.

194 3153 227 3207 tt.
240 3156 265 3208 1.
285 3155 422 3222 Prosunt
439 3155 472 3207 de
481 3156 530 3208 diis
539 3162 690 3224 usurpatum
703 3153 772 3206 idem
782 3153 852 3224 qnod
879 3163 951 3207 utens
960 3153 1098 3222 signifieat.
1118 3151 1163 3210 ste
1175 3154 1227 3210 lui.

133 3231 163 3276 et
180 3225 268 3279 Cicer.
285 3227 360 3280 Ture.
372 3226 496 3289 t‚12‚28.
516 3226 599 3279 Germ.
620 3226 667 3291 iii,
675 3228 700 3289 1,
710 3228 736 3279 2.
754 3168 939 3290 8111318.
957 3226 1040 3292 Epist.
1050 3225 1085 3290 ii,
1096 3227 1120 3290 1,
1133 3225 1229 3281 134.-

133 3296 227 3371 mtto]
258 3296 299 3350 til>
324 3297 420 3350 ambitu
438 3296 631 3349 madidatorum
649 3296 748 3349 sensim
765 3296 791 3346 ir.
813 3311 838 3347 r.
858 3297 886 3349 in
905 3311 1085 3366 quameunque
1104 3299 1228 3364 preoandl

133 3374 163 3417 et
179 3368 290 3435 ”pandi
308 3372 441 3421 notionem
458 3367 592 3420 dilatatum
611 3367 720 3419 videtur.
739 3367 774 3418 oi.
797 3367 946 3435 Virptden.
957 3367 999 3432 tt,
1016 3367 1078 3420 283.
1098 3368 1227 3433 v11,333.

134 3468 170 3480 -
190 3439 263 3491 καὶ
282 3438 397 3505 eoiouurl
417 3437 527 3503 Coloni,
552 3453 605 3490 non
623 3438 708 3506 quiris
727 3437 861 3505 upriooiae
877 3436 921 3488 vei
943 3438 1055 3501 rustici,
1087 3439 1227 3505 praealtis

132 3507 248 3576 inopen
276 3518 321 3561 sut
338 3512 407 3562 enim
424 3509 538 3577 partiarii
556 3517 630 3561 eraut
649 3516 693 3560 aut
712 3507 833 3559 mercede
850 3521 929 3575 agros
948 3506 1080 3559 colebant
1116 3507 1151 3559 oi.
1172 3509 1226 3561 Sat.

131 3578 169 3643 ii,
190 3580 219 3644 2,
240 3581 299 3635 115.
320 3579 404 3632 Germ.
423 3580 458 3643 ii,
481 3580 522 3644 ts,
543 3580 583 3631 tt.
610 3608 645 3622 -
677 3577 791 3646 Bithyno
809 3579 917 3648 serino]
940 3585 1046 3645 propter
1065 3575 1228 3646 frequentem

132 3650 309 3702 Remorum
327 3651 355 3703 in
373 3649 495 3716 Bithynia
511 3654 689 3712 morosiorem,
709 3647 743 3699 ci.
764 3645 850 3700 carm.
863 3647 909 3710 ili,
921 3648 946 3711 i,
956 3648 982 3699 3.
1008 3645 1227 3702 sintttmrcmn.

133 3722 156 3784 1,
178 3723 204 3784 1,
225 3720 265 3773 13.
287 3721 332 3786 111,
350 3723 378 3787 it,
397 3723 441 3774 31.
465 3752 498 3765 -
526 3722 642 3790 prosius]
661 3718 713 3772 Gur
732 3716 770 3770 lta
787 3717 961 3786 appellentur,
983 3716 1069 3768 diseas
1088 3732 1121 3769 ox
1142 3718 1228 3772 carm.

133 3791 181 3856 iil,
199 3792 245 3857 24,
264 3792 327 3862 usq.
349 3822 384 3836 -·
403 3795 437 3863 et]
457 3791 485 3843 in
504 3789 556 3842 ina
573 3804 681 3852 versun
699 3788 734 3841 de
754 3803 807 3857 qua
827 3802 857 3850 re
876 3787 937 3840 ride
959 3786 992 3838 ι1
1013 3786 1098 3840 Germ.
1116 3786 1137 3851 l,
1157 3790 1183 3854 i,
1199 3790 1227 3844 6.

194 3887 226 3939 V.
249 3889 291 3940 13
320 3885 386 3940 Cum
409 3888 544 3956 superiore
570 3884 676 3953 stropha
705 3884 797 3936 timore
814 3894 905 3934 omnus
921 3880 1061 3934 Fortunam
1078 3881 1230 3948 indicasset,

132 3957 183 4009 hae
202 3958 266 4026 quid
286 3958 409 4012 timerent
425 3958 531 4011 rddidit.
567 3954 597 4009 id
616 3965 701 4009 autem
719 3953 752 4005 da
770 3952 891 4006 omnibus
909 3964 974 4022 quos
994 3960 1054 4002 ante
1070 3953 1232 4009 nominasset

133 4045 271 4098 exponere
288 4044 347 4081 num
374 4029 407 4081 ab
429 4023 529 4082 ratione
548 4029 651 4095 poetica
669 4025 749 4094 ionqe
765 4023 903 4083 recederet
914 4021 973 4093 ,ad
992 4028 1115 4088 tyernum
1136 4025 1228 4079 ultimo

131 4100 192 4151 inco
214 4099 318 4168 positos
337 4102 454 4167 proxime
467 4110 494 4153 et
512 4100 656 4152 rectissime
669 4090 883 4149 accommodavit.
919 4091 972 4145 iarn
988 4108 1047 4144 unm
1065 4092 1104 4148 sic
1116 4097 1233 4167 incapis-

130 4172 320 4223 scriniarium
338 4187 372 4221 se
389 4172 601 4240 protoparentes,
633 4176 727 4236 sponte
751 4183 799 4219 sua
816 4165 848 4217 ad
875 4164 1073 4218 continuandam
1092 4182 1168 4236 quam
1189 4170 1233 4221 in·

131 4243 277 4294 oioarerat
304 4242 444 4310 imaginem
462 4240 554 4293 incidit
572 4241 598 4290 in
619 4247 729 4291 stantem
746 4237 900 4294 roh-nam
947 4237 1026 4288 Stare
1049 4238 1119 4290 enim
1145 4239 1233 4292 dieunt

131 4313 217 4365 utini
241 4320 339 4380 poetae
357 4311 474 4364 aedilicia
494 4317 624 4363 exstructa
641 4317 669 4361 et
688 4307 813 4377 perlecta,
833 4306 1033 4360 esuriuntur.
1052 4308 1099 4373 iii,
1111 4310 1169 4361 131.
1188 4310 1233 4375 111,

130 4382 192 4438 105.
229 4382 360 4436 Columna
378 4383 504 4450 iirmitatis
526 4382 628 4450 signum
650 4388 690 4432 est
709 4387 736 4431 et
754 4377 957 4429 dominationem
970 4377 1141 4431 firmusimam
1160 4379 1233 4431 indi-

131 4462 182 4505 cat
219 4454 251 4506 iu
269 4455 383 4522 antiquis
402 4453 573 4518 monumentis
584 4451 656 4514 Paci,
674 4449 820 4512 securitati,
839 4447 968 4512 Felicitati
988 4448 1108 4500 colurnus
1120 4447 1229 4501 additur.

132 4525 185 4576 iam
202 4540 272 4595 quae
289 4524 463 4596 insequuntur
482 4540 534 4578 seu
550 4539 612 4594 pop.
629 4524 696 4591 freq.
719 4519 784 4573 uitii
806 4520 868 4572 novi
893 4518 991 4573 addunt
1007 4519 1064 4593 ⁸sed
1091 4518 1230 4572 Romaene
