<?xml version="1.0" encoding="UTF-8"?>
<!DOCTYPE html PUBLIC "-//W3C//DTD XHTML 1.0 Transitional//EN"
    "http://www.w3.org/TR/xhtml1/DTD/xhtml1-transitional.dtd">
<html xmlns="http://www.w3.org/1999/xhtml" xml:lang="en" lang="en">
 <head>
  <title>
</title>
<meta http-equiv="Content-Type" content="text/html;charset=utf-8" />
  <meta name='ocr-system' content='tesseract 3.04.00' />
  <meta name='ocr-capabilities' content='ocr_page ocr_carea ocr_par ocr_line ocrx_word'/>
</head>
<body>
  <div class='ocr_page' id='page_1' title='image "./operaomnia00dillgoog_0251.png"; bbox 0 0 3117 5042; ppageno 0'>
   <div class='ocr_carea' id='block_1_1' title="bbox 445 392 911 485">
    <p class='ocr_par' dir='ltr' id='par_1_1' title="bbox 445 392 911 485">
     <span class='ocr_line' id='line_1_1' title="bbox 445 392 911 485; baseline 0.015 -30"><span class='ocrx_word' id='word_1_1' title='bbox 445 392 537 456; x_wconf 84' lang='lat' dir='ltr'><strong>nra.</strong></span> <span class='ocrx_word' id='word_1_2' title='bbox 560 393 612 459; x_wconf 87' lang='lat' dir='ltr'><strong>rv.</strong></span> <span class='ocrx_word' id='word_1_3' title='bbox 656 392 808 462; x_wconf 76' lang='lat' dir='ltr'><strong>cnam.</strong></span> <span class='ocrx_word' id='word_1_4' title='bbox 833 393 911 485; x_wconf 78' lang='lat' dir='ltr'><strong>tv.</strong></span> 
     </span>
    </p>
   </div>
   <div class='ocr_carea' id='block_1_2' title="bbox 292 577 879 967">
    <p class='ocr_par' dir='ltr' id='par_1_2' title="bbox 292 577 879 662">
     <span class='ocr_line' id='line_1_2' title="bbox 292 577 879 662; baseline 0.01 -24"><span class='ocrx_word' id='word_1_5' title='bbox 292 577 407 642; x_wconf 73' lang='lat' dir='ltr'><strong>solim</strong></span> <span class='ocrx_word' id='word_1_6' title='bbox 429 578 572 641; x_wconf 76' lang='lat' dir='ltr'><strong>iuventas</strong></span> <span class='ocrx_word' id='word_1_7' title='bbox 591 583 623 640; x_wconf 92' lang='lat' dir='ltr'><strong>et</strong></span> <span class='ocrx_word' id='word_1_8' title='bbox 643 578 763 659; x_wconf 85' lang='lat' dir='ltr'><strong>patrius</strong></span> <span class='ocrx_word' id='word_1_9' title='bbox 786 580 879 662; x_wconf 73' lang='lat' dir='ltr'><strong>riget·</strong></span> 
     </span>
    </p>

    <p class='ocr_par' dir='ltr' id='par_1_3' title="bbox 320 685 867 767">
     <span class='ocr_line' id='line_1_3' title="bbox 320 685 867 767; baseline 0.004 -19"><span class='ocrx_word' id='word_1_10' title='bbox 320 685 400 748; x_wconf 83' lang='lat' dir='ltr'><strong>Nido</strong></span> <span class='ocrx_word' id='word_1_11' title='bbox 421 685 563 748; x_wconf 81' lang='lat' dir='ltr'><strong>laborum</strong></span> <span class='ocrx_word' id='word_1_12' title='bbox 585 686 721 767; x_wconf 75' lang='lat' dir='ltr'><strong>propulit</strong></span> <span class='ocrx_word' id='word_1_13' title='bbox 739 687 867 750; x_wconf 84' lang='lat' dir='ltr'><strong>inscium</strong></span> 
     </span>
    </p>

    <p class='ocr_par' dir='ltr' id='par_1_4' title="bbox 362 793 878 967">
     <span class='ocr_line' id='line_1_4' title="bbox 362 793 878 875; baseline 0.006 -19"><span class='ocrx_word' id='word_1_14' title='bbox 362 793 518 875; x_wconf 80' lang='lat' dir='ltr'><strong>vernique</strong></span> <span class='ocrx_word' id='word_1_15' title='bbox 538 793 599 857; x_wconf 89' lang='lat' dir='ltr'><strong>ianr</strong></span> <span class='ocrx_word' id='word_1_16' title='bbox 620 793 730 856; x_wconf 83' lang='lat' dir='ltr'><strong>nimbis</strong></span> <span class='ocrx_word' id='word_1_17' title='bbox 752 795 878 859; x_wconf 87' lang='lat' dir='ltr'><strong>remotis</strong></span> 
     </span>
     <span class='ocr_line' id='line_1_5' title="bbox 406 901 810 967; baseline 0.005 -5"><span class='ocrx_word' id='word_1_18' title='bbox 406 901 555 964; x_wconf 85' lang='lat' dir='ltr'><strong>insolitos</strong></span> <span class='ocrx_word' id='word_1_19' title='bbox 575 901 707 967; x_wconf 88' lang='lat' dir='ltr'><strong>docuere</strong></span> <span class='ocrx_word' id='word_1_20' title='bbox 723 901 810 964; x_wconf 87' lang='lat' dir='ltr'><strong>nisus</strong></span> 
     </span>
    </p>
   </div>
   <div class='ocr_carea' id='block_1_3' title="bbox 265 1062 984 1471">
    <p class='ocr_par' dir='ltr' id='par_1_5' title="bbox 326 1062 880 1146">
     <span class='ocr_line' id='line_1_6' title="bbox 326 1062 880 1146; baseline 0.007 -21"><span class='ocrx_word' id='word_1_21' title='bbox 326 1062 418 1135; x_wconf 88' lang='lat' dir='ltr'><strong>Venti</strong></span> <span class='ocrx_word' id='word_1_22' title='bbox 439 1066 621 1146; x_wconf 78' lang='lat' dir='ltr'><strong>parentem,</strong></span> <span class='ocrx_word' id='word_1_23' title='bbox 640 1083 713 1128; x_wconf 83' lang='lat' dir='ltr'><strong>mox</strong></span> <span class='ocrx_word' id='word_1_24' title='bbox 732 1064 763 1127; x_wconf 92' lang='lat' dir='ltr'><strong>in</strong></span> <span class='ocrx_word' id='word_1_25' title='bbox 779 1065 880 1139; x_wconf 85' lang='lat' dir='ltr'><strong>ovilia</strong></span> 
     </span>
    </p>

    <p class='ocr_par' dir='ltr' id='par_1_6' title="bbox 278 1170 900 1254">
     <span class='ocr_line' id='line_1_7' title="bbox 278 1170 900 1254; baseline 0.01 -24"><span class='ocrx_word' id='word_1_26' title='bbox 278 1188 309 1232; x_wconf 86' lang='lat' dir='ltr'><strong>ro</strong></span> <span class='ocrx_word' id='word_1_27' title='bbox 329 1171 456 1235; x_wconf 70' lang='lat' dir='ltr'><strong>bennit</strong></span> <span class='ocrx_word' id='word_1_28' title='bbox 475 1171 592 1234; x_wconf 84' lang='lat' dir='ltr'><strong>bostem</strong></span> <span class='ocrx_word' id='word_1_29' title='bbox 608 1170 731 1235; x_wconf 85' lang='lat' dir='ltr'><strong>vividus</strong></span> <span class='ocrx_word' id='word_1_30' title='bbox 752 1174 900 1254; x_wconf 86' lang='lat' dir='ltr'><strong>impetus,</strong></span> 
     </span>
    </p>

    <p class='ocr_par' dir='ltr' id='par_1_7' title="bbox 265 1279 984 1471">
     <span class='ocr_line' id='line_1_8' title="bbox 265 1279 894 1351; baseline 0.002 -9"><span class='ocrx_word' id='word_1_31' title='bbox 265 1346 267 1351; x_wconf 68' lang='lat'>,</span> <span class='ocrx_word' id='word_1_32' title='bbox 370 1281 457 1344; x_wconf 87' lang='lat' dir='ltr'><strong>Nunc</strong></span> <span class='ocrx_word' id='word_1_33' title='bbox 478 1280 509 1343; x_wconf 92' lang='lat' dir='ltr'><strong>io</strong></span> <span class='ocrx_word' id='word_1_34' title='bbox 531 1282 718 1343; x_wconf 69' lang='lat' dir='ltr'><strong>reluctantes</strong></span> <span class='ocrx_word' id='word_1_35' title='bbox 741 1279 894 1344; x_wconf 75' lang='lat' dir='ltr'><strong>dracones</strong></span> 
     </span>
     <span class='ocr_line' id='line_1_9' title="bbox 409 1386 984 1471; baseline 0.003 -23"><span class='ocrx_word' id='word_1_36' title='bbox 409 1386 485 1469; x_wconf 73' lang='lat' dir='ltr'><strong>Egit</strong></span> <span class='ocrx_word' id='word_1_37' title='bbox 505 1405 593 1451; x_wconf 87' lang='lat' dir='ltr'><strong>amor</strong></span> <span class='ocrx_word' id='word_1_38' title='bbox 615 1386 704 1469; x_wconf 89' lang='lat' dir='ltr'><strong>dapis</strong></span> <span class='ocrx_word' id='word_1_39' title='bbox 725 1394 819 1471; x_wconf 88' lang='lat' dir='ltr'><strong>atque</strong></span> <span class='ocrx_word' id='word_1_40' title='bbox 839 1406 984 1470; x_wconf 63' lang='lat' dir='ltr'><strong>pugnam</strong></span> 
     </span>
    </p>
   </div>
   <div class='ocr_carea' id='block_1_4' title="bbox 276 1552 930 1959">
    <p class='ocr_par' dir='ltr' id='par_1_8' title="bbox 331 1552 890 1635">
     <span class='ocr_line' id='line_1_10' title="bbox 331 1552 890 1635; baseline 0.004 -21"><span class='ocrx_word' id='word_1_41' title='bbox 331 1552 499 1626; x_wconf 75' lang='lat' dir='ltr'><strong>Qualemrc</strong></span> <span class='ocrx_word' id='word_1_42' title='bbox 521 1553 612 1616; x_wconf 89' lang='lat' dir='ltr'><strong>laetis</strong></span> <span class='ocrx_word' id='word_1_43' title='bbox 633 1572 749 1635; x_wconf 78' lang='lat' dir='ltr'><strong>caprea</strong></span> <span class='ocrx_word' id='word_1_44' title='bbox 768 1554 890 1635; x_wconf 75' lang='lat' dir='ltr'><strong>pascuis</strong></span> 
     </span>
    </p>

    <p class='ocr_par' dir='ltr' id='par_1_9' title="bbox 330 1659 885 1751">
     <span class='ocr_line' id='line_1_11' title="bbox 330 1659 885 1751; baseline 0.005 -30"><span class='ocrx_word' id='word_1_45' title='bbox 330 1659 453 1751; x_wconf 87' lang='lat' dir='ltr'><strong>intenta</strong></span> <span class='ocrx_word' id='word_1_46' title='bbox 471 1662 579 1727; x_wconf 81' lang='lat' dir='ltr'><strong>fulvae</strong></span> <span class='ocrx_word' id='word_1_47' title='bbox 598 1661 705 1725; x_wconf 86' lang='lat' dir='ltr'><strong>matris</strong></span> <span class='ocrx_word' id='word_1_48' title='bbox 727 1661 767 1724; x_wconf 92' lang='lat' dir='ltr'><strong>ab</strong></span> <span class='ocrx_word' id='word_1_49' title='bbox 791 1661 885 1734; x_wconf 71' lang='lat' dir='ltr'><strong>ubere</strong></span> 
     </span>
    </p>

    <p class='ocr_par' dir='ltr' id='par_1_10' title="bbox 276 1768 930 1959">
     <span class='ocr_line' id='line_1_12' title="bbox 276 1768 895 1851; baseline 0.01 -25"><span class='ocrx_word' id='word_1_50' title='bbox 276 1783 305 1826; x_wconf 85' lang='lat' dir='ltr'><strong>rs</strong></span> <span class='ocrx_word' id='word_1_51' title='bbox 368 1768 433 1831; x_wconf 86' lang='lat' dir='ltr'><strong>iem</strong></span> <span class='ocrx_word' id='word_1_52' title='bbox 457 1768 539 1831; x_wconf 84' lang='lat' dir='ltr'><strong>lacte</strong></span> <span class='ocrx_word' id='word_1_53' title='bbox 558 1769 717 1851; x_wconf 81' lang='lat' dir='ltr'><strong>depulsum</strong></span> <span class='ocrx_word' id='word_1_54' title='bbox 736 1770 866 1850; x_wconf 86' lang='lat' dir='ltr'><strong>leonem,</strong></span> <span class='ocrx_word' id='word_1_55' title='bbox 889 1780 895 1791; x_wconf 72' lang='grc'><strong>“</strong></span> 
     </span>
     <span class='ocr_line' id='line_1_13' title="bbox 412 1876 930 1959; baseline -0.002 -22"><span class='ocrx_word' id='word_1_56' title='bbox 412 1876 511 1941; x_wconf 80' lang='lat' dir='ltr'><strong>brute</strong></span> <span class='ocrx_word' id='word_1_57' title='bbox 531 1896 613 1940; x_wconf 86' lang='lat' dir='ltr'><strong>noro</strong></span> <span class='ocrx_word' id='word_1_58' title='bbox 633 1878 772 1959; x_wconf 87' lang='lat' dir='ltr'><strong>peritura</strong></span> <span class='ocrx_word' id='word_1_59' title='bbox 795 1876 892 1940; x_wconf 84' lang='lat' dir='ltr'><strong>vidit:</strong></span> <span class='ocrx_word' id='word_1_60' title='bbox 927 1922 930 1929; x_wconf 89' lang='lat'><strong>.</strong></span> 
     </span>
    </p>
   </div>
   <div class='ocr_carea' id='block_1_5' title="bbox 195 2084 1223 2157">
    <p class='ocr_par' dir='ltr' id='par_1_11' title="bbox 195 2084 1223 2157">
     <span class='ocr_line' id='line_1_14' title="bbox 195 2084 1223 2157; baseline 0.006 -22"><span class='ocrx_word' id='word_1_61' title='bbox 195 2084 226 2137; x_wconf 86' lang='lat' dir='ltr'><strong>V.</strong></span> <span class='ocrx_word' id='word_1_62' title='bbox 249 2085 272 2136; x_wconf 93' lang='grc'><strong>1.</strong></span> <span class='ocrx_word' id='word_1_63' title='bbox 302 2085 420 2157; x_wconf 58' lang='lat' dir='ltr'><strong>Qualem</strong></span> <span class='ocrx_word' id='word_1_64' title='bbox 453 2086 514 2138; x_wconf 77' lang='lat' dir='ltr'><strong>ruti</strong></span> <span class='ocrx_word' id='word_1_65' title='bbox 530 2089 575 2156; x_wconf 87' lang='lat' dir='ltr'><strong>qni</strong></span> <span class='ocrx_word' id='word_1_66' title='bbox 594 2088 660 2140; x_wconf 86' lang='lat' dir='ltr'><strong>bane</strong></span> <span class='ocrx_word' id='word_1_67' title='bbox 677 2088 821 2140; x_wconf 84' lang='lat' dir='ltr'><strong>ubertatem</strong></span> <span class='ocrx_word' id='word_1_68' title='bbox 840 2086 1040 2155; x_wconf 83' lang='lat' dir='ltr'><strong>comparationis</strong></span> <span class='ocrx_word' id='word_1_69' title='bbox 1062 2087 1223 2155; x_wconf 81' lang='lat' dir='ltr'><strong>vituperaret</strong></span> 
     </span>
    </p>
   </div>
   <div class='ocr_carea' id='block_1_6' title="bbox 94 2157 1286 4566">
    <p class='ocr_par' dir='ltr' id='par_1_12' title="bbox 125 2157 1223 2228">
     <span class='ocr_line' id='line_1_15' title="bbox 125 2157 1223 2228; baseline 0.005 -23"><span class='ocrx_word' id='word_1_70' title='bbox 125 2169 180 2206; x_wconf 89' lang='lat' dir='ltr'><strong>non</strong></span> <span class='ocrx_word' id='word_1_71' title='bbox 196 2168 307 2220; x_wconf 87' lang='lat' dir='ltr'><strong>memor,</strong></span> <span class='ocrx_word' id='word_1_72' title='bbox 325 2157 411 2225; x_wconf 80' lang='lat' dir='ltr'><strong>solere</strong></span> <span class='ocrx_word' id='word_1_73' title='bbox 431 2167 522 2224; x_wconf 86' lang='lat' dir='ltr'><strong>poetas</strong></span> <span class='ocrx_word' id='word_1_74' title='bbox 540 2162 693 2227; x_wconf 77' lang='lat' dir='ltr'><strong>gravitatem</strong></span> <span class='ocrx_word' id='word_1_75' title='bbox 710 2176 796 2211; x_wconf 90' lang='lat' dir='ltr'><strong>rerum</strong></span> <span class='ocrx_word' id='word_1_76' title='bbox 811 2162 1033 2228; x_wconf 74' lang='lat' dir='ltr'><strong>comparationum</strong></span> <span class='ocrx_word' id='word_1_77' title='bbox 1049 2161 1125 2226; x_wconf 89' lang='lat' dir='ltr'><strong>copia</strong></span> <span class='ocrx_word' id='word_1_78' title='bbox 1144 2175 1223 2210; x_wconf 83' lang='lat' dir='ltr'><strong>eror-</strong></span> 
     </span>
    </p>

    <p class='ocr_par' dir='ltr' id='par_1_13' title="bbox 94 2226 1286 4566">
     <span class='ocr_line' id='line_1_16' title="bbox 94 2226 1220 2299; baseline 0.006 -23"><span class='ocrx_word' id='word_1_79' title='bbox 94 2274 96 2276; x_wconf 78' lang='grc'>,</span> <span class='ocrx_word' id='word_1_80' title='bbox 118 2241 186 2277; x_wconf 89' lang='lat' dir='ltr'><strong>nare</strong></span> <span class='ocrx_word' id='word_1_81' title='bbox 211 2226 262 2295; x_wconf 82' lang='lat' dir='ltr'><strong>(ci.</strong></span> <span class='ocrx_word' id='word_1_82' title='bbox 285 2226 358 2278; x_wconf 85' lang='lat' dir='ltr'><strong>Hom.</strong></span> <span class='ocrx_word' id='word_1_83' title='bbox 378 2227 408 2280; x_wconf 92' lang='grc' dir='ltr'><strong>ΙΙ.</strong></span> <span class='ocrx_word' id='word_1_84' title='bbox 428 2229 462 2293; x_wconf 95' lang='grc' dir='ltr'><strong>ΙΙ,</strong></span> <span class='ocrx_word' id='word_1_85' title='bbox 479 2229 615 2299; x_wconf 69' lang='lat' dir='ltr'><strong>tuasqq.)</strong></span> <span class='ocrx_word' id='word_1_86' title='bbox 646 2246 732 2298; x_wconf 90' lang='lat' dir='ltr'><strong>neque</strong></span> <span class='ocrx_word' id='word_1_87' title='bbox 759 2228 786 2281; x_wconf 89' lang='lat' dir='ltr'><strong>id</strong></span> <span class='ocrx_word' id='word_1_88' title='bbox 812 2233 889 2283; x_wconf 81' lang='lat' dir='ltr'><strong>anxie</strong></span> <span class='ocrx_word' id='word_1_89' title='bbox 918 2239 1054 2297; x_wconf 87' lang='lat' dir='ltr'><strong>spectare,</strong></span> <span class='ocrx_word' id='word_1_90' title='bbox 1080 2238 1109 2280; x_wconf 86' lang='lat' dir='ltr'><strong>nt</strong></span> <span class='ocrx_word' id='word_1_91' title='bbox 1129 2244 1220 2283; x_wconf 86' lang='lat' dir='ltr'><strong>omnes</strong></span> 
     </span>
     <span class='ocr_line' id='line_1_17' title="bbox 119 2299 1222 2368; baseline 0.005 -21"><span class='ocrx_word' id='word_1_92' title='bbox 119 2306 209 2363; x_wconf 88' lang='lat' dir='ltr'><strong>partes</strong></span> <span class='ocrx_word' id='word_1_93' title='bbox 239 2299 381 2364; x_wconf 72' lang='lat' dir='ltr'><strong>inopium</strong></span> <span class='ocrx_word' id='word_1_94' title='bbox 401 2300 575 2367; x_wconf 75' lang='lat' dir='ltr'><strong>respondeant</strong></span> <span class='ocrx_word' id='word_1_95' title='bbox 602 2310 765 2368; x_wconf 88' lang='lat' dir='ltr'><strong>comparatae</strong></span> <span class='ocrx_word' id='word_1_96' title='bbox 784 2306 822 2353; x_wconf 88' lang='lat' dir='ltr'><strong>rei</strong></span> <span class='ocrx_word' id='word_1_97' title='bbox 846 2302 893 2354; x_wconf 88' lang='lat' dir='ltr'><strong>sed</strong></span> <span class='ocrx_word' id='word_1_98' title='bbox 919 2302 1027 2353; x_wconf 90' lang='lat' dir='ltr'><strong>ornandi</strong></span> <span class='ocrx_word' id='word_1_99' title='bbox 1050 2316 1130 2357; x_wconf 82' lang='lat' dir='ltr'><strong>causa</strong></span> <span class='ocrx_word' id='word_1_100' title='bbox 1148 2301 1222 2367; x_wconf 84' lang='lat' dir='ltr'><strong>ptura</strong></span> 
     </span>
     <span class='ocr_line' id='line_1_18' title="bbox 121 2367 1220 2440; baseline 0.005 -23"><span class='ocrx_word' id='word_1_101' title='bbox 121 2368 201 2419; x_wconf 86' lang='lat' dir='ltr'><strong>etiam</strong></span> <span class='ocrx_word' id='word_1_102' title='bbox 218 2367 323 2420; x_wconf 83' lang='lat' dir='ltr'><strong>addere.</strong></span> <span class='ocrx_word' id='word_1_103' title='bbox 361 2370 461 2422; x_wconf 86' lang='lat' dir='ltr'><strong>Deinde</strong></span> <span class='ocrx_word' id='word_1_104' title='bbox 481 2371 550 2439; x_wconf 89' lang='lat' dir='ltr'><strong>quod</strong></span> <span class='ocrx_word' id='word_1_105' title='bbox 572 2388 598 2425; x_wconf 82' lang='lat' dir='ltr'><strong>r.</strong></span> <span class='ocrx_word' id='word_1_106' title='bbox 621 2374 651 2424; x_wconf 88' lang='grc'><strong>17</strong></span> <span class='ocrx_word' id='word_1_107' title='bbox 668 2371 746 2424; x_wconf 80' lang='lat' dir='ltr'><strong>talem</strong></span> <span class='ocrx_word' id='word_1_108' title='bbox 763 2388 822 2424; x_wconf 88' lang='lat' dir='ltr'><strong>voc.</strong></span> <span class='ocrx_word' id='word_1_109' title='bbox 842 2375 964 2425; x_wconf 88' lang='lat' dir='ltr'><strong>omissum</strong></span> <span class='ocrx_word' id='word_1_110' title='bbox 987 2381 1036 2436; x_wconf 88' lang='lat' dir='ltr'><strong>est,</strong></span> <span class='ocrx_word' id='word_1_111' title='bbox 1054 2388 1089 2423; x_wconf 90' lang='lat' dir='ltr'><strong>ne</strong></span> <span class='ocrx_word' id='word_1_112' title='bbox 1111 2372 1137 2422; x_wconf 92' lang='lat' dir='ltr'><strong>id</strong></span> <span class='ocrx_word' id='word_1_113' title='bbox 1158 2375 1220 2440; x_wconf 87' lang='lat' dir='ltr'><strong>qui-</strong></span> 
     </span>
     <span class='ocr_line' id='line_1_19' title="bbox 120 2438 1219 2511; baseline 0.004 -21"><span class='ocrx_word' id='word_1_114' title='bbox 120 2438 182 2490; x_wconf 87' lang='lat' dir='ltr'><strong>dem</strong></span> <span class='ocrx_word' id='word_1_115' title='bbox 203 2438 325 2506; x_wconf 79' lang='lat' dir='ltr'><strong>exemplo</strong></span> <span class='ocrx_word' id='word_1_116' title='bbox 343 2450 421 2492; x_wconf 84' lang='lat' dir='ltr'><strong>caret.</strong></span> <span class='ocrx_word' id='word_1_117' title='bbox 453 2441 512 2493; x_wconf 87' lang='lat' dir='ltr'><strong>vide</strong></span> <span class='ocrx_word' id='word_1_118' title='bbox 530 2444 601 2510; x_wconf 83' lang='lat' dir='ltr'><strong>Virg.</strong></span> <span class='ocrx_word' id='word_1_119' title='bbox 619 2445 685 2494; x_wconf 77' lang='lat' dir='ltr'><strong>Aen.</strong></span> <span class='ocrx_word' id='word_1_120' title='bbox 706 2443 752 2506; x_wconf 86' lang='grc' dir='ltr'>ΙΙΙ,</span> <span class='ocrx_word' id='word_1_121' title='bbox 770 2443 822 2497; x_wconf 81' lang='grc'><strong>641</strong></span> <span class='ocrx_word' id='word_1_122' title='bbox 833 2460 890 2511; x_wconf 85' lang='lat' dir='ltr'><strong>sqq.</strong></span> <span class='ocrx_word' id='word_1_123' title='bbox 912 2476 945 2486; x_wconf 90' lang='lat'>-</span> <span class='ocrx_word' id='word_1_124' title='bbox 963 2445 1109 2495; x_wconf 63' lang='lat' dir='ltr'><strong>ministrum</strong></span> <span class='ocrx_word' id='word_1_125' title='bbox 1128 2444 1219 2509; x_wconf 77' lang='lat' dir='ltr'><strong>ferimi-</strong></span> 
     </span>
     <span class='ocr_line' id='line_1_20' title="bbox 118 2511 1221 2582; baseline 0.005 -21"><span class='ocrx_word' id='word_1_126' title='bbox 118 2512 174 2579; x_wconf 68' lang='grc' dir='ltr'><strong>κίε]</strong></span> <span class='ocrx_word' id='word_1_127' title='bbox 194 2511 268 2577; x_wconf 76' lang='lat' dir='ltr'><strong>virg.</strong></span> <span class='ocrx_word' id='word_1_128' title='bbox 285 2513 352 2564; x_wconf 81' lang='lat' dir='ltr'><strong>Aen.</strong></span> <span class='ocrx_word' id='word_1_129' title='bbox 373 2512 403 2575; x_wconf 87' lang='grc' dir='ltr'><strong>ΙΙ,</strong></span> <span class='ocrx_word' id='word_1_130' title='bbox 420 2514 482 2566; x_wconf 86' lang='grc'><strong>255.</strong></span> <span class='ocrx_word' id='word_1_131' title='bbox 519 2513 559 2565; x_wconf 84' lang='lat' dir='ltr'><strong>De</strong></span> <span class='ocrx_word' id='word_1_132' title='bbox 578 2512 727 2579; x_wconf 80' lang='lat' dir='ltr'><strong>Ganymede</strong></span> <span class='ocrx_word' id='word_1_133' title='bbox 744 2514 807 2582; x_wconf 84' lang='lat' dir='ltr'><strong>lege</strong></span> <span class='ocrx_word' id='word_1_134' title='bbox 826 2515 899 2566; x_wconf 87' lang='lat' dir='ltr'><strong>Hom.</strong></span> <span class='ocrx_word' id='word_1_135' title='bbox 920 2513 952 2565; x_wconf 95' lang='grc' dir='ltr'><strong>ΙΙ.</strong></span> <span class='ocrx_word' id='word_1_136' title='bbox 971 2514 1026 2579; x_wconf 82' lang='grc' dir='ltr'>ΙΙΧ,</span> <span class='ocrx_word' id='word_1_137' title='bbox 1047 2514 1109 2566; x_wconf 82' lang='grc'><strong>232.</strong></span> <span class='ocrx_word' id='word_1_138' title='bbox 1128 2513 1221 2579; x_wconf 73' lang='lat' dir='ltr'><strong>Hpmn.</strong></span> 
     </span>
     <span class='ocr_line' id='line_1_21' title="bbox 120 2582 1225 2655; baseline 0.006 -25"><span class='ocrx_word' id='word_1_139' title='bbox 120 2582 149 2631; x_wconf 88' lang='lat' dir='ltr'><strong>iu</strong></span> <span class='ocrx_word' id='word_1_140' title='bbox 171 2584 270 2634; x_wconf 87' lang='lat' dir='ltr'><strong>Vener.</strong></span> <span class='ocrx_word' id='word_1_141' title='bbox 289 2583 350 2635; x_wconf 79' lang='lat'><strong>203.</strong></span> <span class='ocrx_word' id='word_1_142' title='bbox 380 2582 441 2634; x_wconf 89' lang='grc' dir='ltr'>ΙΙοι·.</span> <span class='ocrx_word' id='word_1_143' title='bbox 464 2583 547 2635; x_wconf 83' lang='lat' dir='ltr'><strong>Germ.</strong></span> <span class='ocrx_word' id='word_1_144' title='bbox 569 2585 614 2649; x_wconf 89' lang='grc' dir='ltr'>ΙΙΙ,</span> <span class='ocrx_word' id='word_1_145' title='bbox 632 2584 676 2647; x_wconf 82' lang='grc'><strong>20,</strong></span> <span class='ocrx_word' id='word_1_146' title='bbox 694 2585 735 2638; x_wconf 81' lang='lat' dir='ltr'><strong>te.</strong></span> <span class='ocrx_word' id='word_1_147' title='bbox 756 2618 792 2628; x_wconf 93' lang='lat'>-</span> <span class='ocrx_word' id='word_1_148' title='bbox 810 2585 881 2655; x_wconf 84' lang='lat' dir='ltr'><strong>olim]</strong></span> <span class='ocrx_word' id='word_1_149' title='bbox 903 2584 964 2636; x_wconf 86' lang='lat' dir='ltr'><strong>vide</strong></span> <span class='ocrx_word' id='word_1_150' title='bbox 983 2583 1015 2634; x_wconf 90' lang='lat' dir='ltr'><strong>ad</strong></span> <span class='ocrx_word' id='word_1_151' title='bbox 1033 2583 1117 2636; x_wconf 81' lang='lat' dir='ltr'><strong>carm.</strong></span> <span class='ocrx_word' id='word_1_152' title='bbox 1136 2583 1168 2648; x_wconf 92' lang='grc' dir='ltr'><strong>ΙΙ,</strong></span> <span class='ocrx_word' id='word_1_153' title='bbox 1182 2585 1225 2650; x_wconf 87' lang='grc'><strong>10,</strong></span> 
     </span>
     <span class='ocr_line' id='line_1_22' title="bbox 124 2653 1223 2726; baseline 0.004 -24"><span class='ocrx_word' id='word_1_154' title='bbox 124 2653 168 2703; x_wconf 87' lang='grc'><strong>17.</strong></span> <span class='ocrx_word' id='word_1_155' title='bbox 183 2683 219 2694; x_wconf 84' lang='grc'>-</span> <span class='ocrx_word' id='word_1_156' title='bbox 238 2654 354 2721; x_wconf 76' lang='lat' dir='ltr'><strong>propulit</strong></span> <span class='ocrx_word' id='word_1_157' title='bbox 386 2654 498 2706; x_wconf 82' lang='lat' dir='ltr'><strong>vidend</strong></span> <span class='ocrx_word' id='word_1_158' title='bbox 517 2654 601 2706; x_wconf 86' lang='lat' dir='ltr'><strong>Garm.</strong></span> <span class='ocrx_word' id='word_1_159' title='bbox 621 2655 641 2720; x_wconf 89' lang='grc' dir='ltr'><strong>Ι,</strong></span> <span class='ocrx_word' id='word_1_160' title='bbox 661 2658 684 2718; x_wconf 92' lang='grc'><strong>1,</strong></span> <span class='ocrx_word' id='word_1_161' title='bbox 703 2656 727 2705; x_wconf 82' lang='lat' dir='ltr'><strong>t.</strong></span> <span class='ocrx_word' id='word_1_162' title='bbox 763 2673 813 2726; x_wconf 85' lang='lat' dir='ltr'><strong>pro</strong></span> <span class='ocrx_word' id='word_1_163' title='bbox 830 2656 879 2707; x_wconf 79' lang='lat' dir='ltr'><strong>ulit</strong></span> <span class='ocrx_word' id='word_1_164' title='bbox 896 2672 929 2707; x_wconf 82' lang='lat' dir='ltr'><strong>cx</strong></span> <span class='ocrx_word' id='word_1_165' title='bbox 946 2657 1059 2723; x_wconf 90' lang='lat' dir='ltr'><strong>antiquis</strong></span> <span class='ocrx_word' id='word_1_166' title='bbox 1077 2654 1223 2720; x_wconf 77' lang='lat' dir='ltr'><strong>codicibus,</strong></span> 
     </span>
     <span class='ocr_line' id='line_1_23' title="bbox 121 2673 1223 2794; baseline 0.004 -21"><span class='ocrx_word' id='word_1_167' title='bbox 121 2738 282 2791; x_wconf 81' lang='lat' dir='ltr'><strong>quemqnam</strong></span> <span class='ocrx_word' id='word_1_168' title='bbox 300 2725 326 2774; x_wconf 91' lang='lat' dir='ltr'><strong>in</strong></span> <span class='ocrx_word' id='word_1_169' title='bbox 344 2725 404 2775; x_wconf 88' lang='lat' dir='ltr'><strong>aiis</strong></span> <span class='ocrx_word' id='word_1_170' title='bbox 421 2726 498 2776; x_wconf 86' lang='lat' dir='ltr'><strong>etiam</strong></span> <span class='ocrx_word' id='word_1_171' title='bbox 517 2727 627 2777; x_wconf 83' lang='lat' dir='ltr'><strong>vetustis</strong></span> <span class='ocrx_word' id='word_1_172' title='bbox 642 2726 760 2794; x_wconf 75' lang='lat' dir='ltr'><strong>protulit.</strong></span> <span class='ocrx_word' id='word_1_173' title='bbox 797 2673 863 2777; x_wconf 68' lang='grc' dir='ltr'>ΙΙοιΙ</span> <span class='ocrx_word' id='word_1_174' title='bbox 882 2735 969 2779; x_wconf 74' lang='lat' dir='ltr'><strong>mmen</strong></span> <span class='ocrx_word' id='word_1_175' title='bbox 986 2727 1090 2793; x_wconf 79' lang='lat' dir='ltr'><strong>fortius.</strong></span> <span class='ocrx_word' id='word_1_176' title='bbox 1115 2758 1147 2770; x_wconf 90' lang='lat'><em>-</em></span> <span class='ocrx_word' id='word_1_177' title='bbox 1178 2726 1223 2777; x_wconf 84' lang='lat' dir='ltr'><strong>io-</strong></span> 
     </span>
     <span class='ocr_line' id='line_1_24' title="bbox 122 2793 1223 2865; baseline 0.003 -20"><span class='ocrx_word' id='word_1_178' title='bbox 122 2794 226 2865; x_wconf 73' lang='lat' dir='ltr'><strong>doram]</strong></span> <span class='ocrx_word' id='word_1_179' title='bbox 250 2793 351 2845; x_wconf 83' lang='lat' dir='ltr'><strong>volatus</strong></span> <span class='ocrx_word' id='word_1_180' title='bbox 371 2803 398 2847; x_wconf 87' lang='lat' dir='ltr'><strong>et</strong></span> <span class='ocrx_word' id='word_1_181' title='bbox 418 2798 594 2848; x_wconf 82' lang='lat' dir='ltr'><strong>certaminum.</strong></span> <span class='ocrx_word' id='word_1_182' title='bbox 607 2827 638 2837; x_wconf 92' lang='lat'><em>-</em></span> <span class='ocrx_word' id='word_1_183' title='bbox 655 2799 739 2865; x_wconf 74' lang='lat' dir='ltr'><strong>aiau]</strong></span> <span class='ocrx_word' id='word_1_184' title='bbox 759 2797 886 2865; x_wconf 79' lang='lat' dir='ltr'><strong>quinatis</strong></span> <span class='ocrx_word' id='word_1_185' title='bbox 904 2796 1025 2849; x_wconf 83' lang='lat' dir='ltr'><strong>volucres</strong></span> <span class='ocrx_word' id='word_1_186' title='bbox 1045 2798 1119 2865; x_wconf 91' lang='lat' dir='ltr'><strong>quasi</strong></span> <span class='ocrx_word' id='word_1_187' title='bbox 1133 2797 1223 2848; x_wconf 90' lang='lat' dir='ltr'><strong>nitun-</strong></span> 
     </span>
     <span class='ocr_line' id='line_1_25' title="bbox 120 2866 1223 2936; baseline 0.004 -22"><span class='ocrx_word' id='word_1_188' title='bbox 120 2871 172 2915; x_wconf 86' lang='lat' dir='ltr'><strong>tnr.</strong></span> <span class='ocrx_word' id='word_1_189' title='bbox 193 2897 228 2909; x_wconf 91' lang='lat'>-</span> <span class='ocrx_word' id='word_1_190' title='bbox 245 2871 391 2936; x_wconf 75' lang='lat' dir='ltr'><strong>paventem]</strong></span> <span class='ocrx_word' id='word_1_191' title='bbox 411 2866 451 2917; x_wconf 87' lang='lat' dir='ltr'><strong>Ne</strong></span> <span class='ocrx_word' id='word_1_192' title='bbox 468 2867 518 2918; x_wconf 92' lang='lat' dir='ltr'><strong>boc</strong></span> <span class='ocrx_word' id='word_1_193' title='bbox 536 2867 640 2936; x_wconf 90' lang='lat' dir='ltr'><strong>quidem</strong></span> <span class='ocrx_word' id='word_1_194' title='bbox 660 2869 737 2918; x_wconf 88' lang='lat' dir='ltr'><strong>inane</strong></span> <span class='ocrx_word' id='word_1_195' title='bbox 756 2878 813 2930; x_wconf 84' lang='lat' dir='ltr'><strong>est3</strong></span> <span class='ocrx_word' id='word_1_196' title='bbox 834 2883 867 2919; x_wconf 89' lang='lat' dir='ltr'><strong>ex</strong></span> <span class='ocrx_word' id='word_1_197' title='bbox 888 2868 1006 2919; x_wconf 85' lang='lat' dir='ltr'><strong>omuibus</strong></span> <span class='ocrx_word' id='word_1_198' title='bbox 1019 2870 1087 2919; x_wconf 89' lang='lat' dir='ltr'><strong>enim</strong></span> <span class='ocrx_word' id='word_1_199' title='bbox 1107 2867 1223 2934; x_wconf 83' lang='lat' dir='ltr'><strong>partibus</strong></span> 
     </span>
     <span class='ocr_line' id='line_1_26' title="bbox 120 2935 1223 3006; baseline 0.001 -19"><span class='ocrx_word' id='word_1_200' title='bbox 120 2935 227 3003; x_wconf 83' lang='lat' dir='ltr'><strong>aquiiae</strong></span> <span class='ocrx_word' id='word_1_201' title='bbox 248 2937 334 3003; x_wconf 84' lang='lat' dir='ltr'><strong>imago</strong></span> <span class='ocrx_word' id='word_1_202' title='bbox 352 2937 459 2988; x_wconf 84' lang='lat' dir='ltr'><strong>mirifica</strong></span> <span class='ocrx_word' id='word_1_203' title='bbox 476 2941 586 3006; x_wconf 84' lang='lat' dir='ltr'><strong>quadarn</strong></span> <span class='ocrx_word' id='word_1_204' title='bbox 603 2940 729 2989; x_wconf 85' lang='lat' dir='ltr'><strong>varietate</strong></span> <span class='ocrx_word' id='word_1_205' title='bbox 748 2954 896 3006; x_wconf 77' lang='lat' dir='ltr'><strong>magnoque</strong></span> <span class='ocrx_word' id='word_1_206' title='bbox 909 2941 986 2989; x_wconf 87' lang='lat' dir='ltr'><strong>etiam</strong></span> <span class='ocrx_word' id='word_1_207' title='bbox 997 2938 1137 3006; x_wconf 84' lang='lat' dir='ltr'><strong>splendore</strong></span> <span class='ocrx_word' id='word_1_208' title='bbox 1148 2939 1223 3005; x_wconf 86' lang='lat' dir='ltr'><strong>quasi</strong></span> 
     </span>
     <span class='ocr_line' id='line_1_27' title="bbox 119 3006 1221 3077; baseline 0.001 -20"><span class='ocrx_word' id='word_1_209' title='bbox 119 3008 250 3074; x_wconf 79' lang='lat' dir='ltr'><strong>pingitur.</strong></span> <span class='ocrx_word' id='word_1_210' title='bbox 297 3006 385 3058; x_wconf 79' lang='lat' dir='ltr'><strong>Talem</strong></span> <span class='ocrx_word' id='word_1_211' title='bbox 406 3008 524 3075; x_wconf 83' lang='lat' dir='ltr'><strong>proiecto</strong></span> <span class='ocrx_word' id='word_1_212' title='bbox 543 3011 668 3060; x_wconf 89' lang='lat' dir='ltr'><strong>orationis</strong></span> <span class='ocrx_word' id='word_1_213' title='bbox 688 3020 806 3060; x_wconf 90' lang='lat' dir='ltr'><strong>ornatum</strong></span> <span class='ocrx_word' id='word_1_214' title='bbox 825 3009 1016 3077; x_wconf 89' lang='lat' dir='ltr'><strong>verborumque</strong></span> <span class='ocrx_word' id='word_1_215' title='bbox 1036 3010 1221 3076; x_wconf 86' lang='lat' dir='ltr'><strong>proprietatem</strong></span> 
     </span>
     <span class='ocr_line' id='line_1_28' title="bbox 122 3079 1222 3143; baseline 0.002 -15"><span class='ocrx_word' id='word_1_216' title='bbox 122 3080 244 3129; x_wconf 83' lang='lat' dir='ltr'><strong>cuiusvis</strong></span> <span class='ocrx_word' id='word_1_217' title='bbox 264 3092 316 3128; x_wconf 92' lang='lat' dir='ltr'><strong>non</strong></span> <span class='ocrx_word' id='word_1_218' title='bbox 335 3087 376 3129; x_wconf 88' lang='lat' dir='ltr'><strong>est</strong></span> <span class='ocrx_word' id='word_1_219' title='bbox 394 3079 576 3132; x_wconf 69' lang='lat' dir='ltr'><strong>versificatoris</strong></span> <span class='ocrx_word' id='word_1_220' title='bbox 595 3082 722 3131; x_wconf 86' lang='lat' dir='ltr'><strong>invenire.</strong></span> <span class='ocrx_word' id='word_1_221' title='bbox 769 3081 807 3132; x_wconf 86' lang='lat' dir='ltr'><strong>Ne</strong></span> <span class='ocrx_word' id='word_1_222' title='bbox 833 3080 859 3130; x_wconf 90' lang='lat' dir='ltr'><strong>id</strong></span> <span class='ocrx_word' id='word_1_223' title='bbox 902 3080 988 3132; x_wconf 90' lang='lat' dir='ltr'><strong>uidem</strong></span> <span class='ocrx_word' id='word_1_224' title='bbox 1013 3080 1091 3131; x_wconf 80' lang='lat' dir='ltr'><strong>facile</strong></span> <span class='ocrx_word' id='word_1_225' title='bbox 1110 3080 1174 3143; x_wconf 84' lang='lat' dir='ltr'><strong>init,</strong></span> <span class='ocrx_word' id='word_1_226' title='bbox 1194 3080 1222 3130; x_wconf 85' lang='lat' dir='ltr'><strong>in</strong></span> 
     </span>
     <span class='ocr_line' id='line_1_29' title="bbox 123 3097 1225 3218; baseline 0.003 -19"><span class='ocrx_word' id='word_1_227' title='bbox 123 3155 197 3201; x_wconf 65' lang='lat' dir='ltr'><strong>unta</strong></span> <span class='ocrx_word' id='word_1_228' title='bbox 215 3148 356 3201; x_wconf 85' lang='lat' dir='ltr'><strong>verborum</strong></span> <span class='ocrx_word' id='word_1_229' title='bbox 378 3152 454 3216; x_wconf 90' lang='lat' dir='ltr'><strong>copia</strong></span> <span class='ocrx_word' id='word_1_230' title='bbox 480 3153 658 3218; x_wconf 82' lang='lat' dir='ltr'><strong>perspicuitati</strong></span> <span class='ocrx_word' id='word_1_231' title='bbox 677 3167 782 3218; x_wconf 90' lang='lat' dir='ltr'><strong>quoque</strong></span> <span class='ocrx_word' id='word_1_232' title='bbox 803 3097 917 3203; x_wconf 43' lang='lat' dir='ltr'><strong>dilucide</strong></span> <span class='ocrx_word' id='word_1_233' title='bbox 936 3151 1068 3218; x_wconf 86' lang='lat' dir='ltr'><strong>dispositis</strong></span> <span class='ocrx_word' id='word_1_234' title='bbox 1089 3148 1225 3202; x_wconf 85' lang='lat' dir='ltr'><strong>vocabulis</strong></span> 
     </span>
     <span class='ocr_line' id='line_1_30' title="bbox 121 3214 1224 3291; baseline 0.003 -21"><span class='ocrx_word' id='word_1_235' title='bbox 121 3214 274 3272; x_wconf 76' lang='lat' dir='ltr'><strong>consulere.</strong></span> <span class='ocrx_word' id='word_1_236' title='bbox 295 3253 330 3261; x_wconf 96' lang='lat'>-</span> <span class='ocrx_word' id='word_1_237' title='bbox 348 3220 457 3291; x_wconf 80' lang='lat' dir='ltr'><strong>demisit]</strong></span> <span class='ocrx_word' id='word_1_238' title='bbox 478 3238 510 3272; x_wconf 84' lang='lat' dir='ltr'><strong>ex</strong></span> <span class='ocrx_word' id='word_1_239' title='bbox 528 3230 618 3273; x_wconf 90' lang='lat' dir='ltr'><strong>natura</strong></span> <span class='ocrx_word' id='word_1_240' title='bbox 638 3224 769 3287; x_wconf 86' lang='lat' dir='ltr'><strong>rapacium</strong></span> <span class='ocrx_word' id='word_1_241' title='bbox 783 3220 917 3273; x_wconf 81' lang='lat' dir='ltr'><strong>volucrum</strong></span> <span class='ocrx_word' id='word_1_242' title='bbox 937 3222 1032 3274; x_wconf 85' lang='lat' dir='ltr'><strong>exalto</strong></span> <span class='ocrx_word' id='word_1_243' title='bbox 1050 3221 1157 3273; x_wconf 89' lang='lat' dir='ltr'><strong>nubium</strong></span> <span class='ocrx_word' id='word_1_244' title='bbox 1168 3231 1224 3273; x_wconf 89' lang='lat' dir='ltr'><strong>tra-</strong></span> 
     </span>
     <span class='ocr_line' id='line_1_31' title="bbox 124 3290 1224 3365; baseline 0.001 -23"><span class='ocrx_word' id='word_1_245' title='bbox 124 3300 173 3342; x_wconf 82' lang='lat' dir='ltr'><strong>ctu</strong></span> <span class='ocrx_word' id='word_1_246' title='bbox 189 3291 277 3343; x_wconf 85' lang='lat' dir='ltr'><strong>subita</strong></span> <span class='ocrx_word' id='word_1_247' title='bbox 296 3293 322 3341; x_wconf 85' lang='lat' dir='ltr'><strong>ri</strong></span> <span class='ocrx_word' id='word_1_248' title='bbox 343 3294 368 3342; x_wconf 85' lang='lat' dir='ltr'><strong>in</strong></span> <span class='ocrx_word' id='word_1_249' title='bbox 389 3292 508 3358; x_wconf 88' lang='lat' dir='ltr'><strong>praedam</strong></span> <span class='ocrx_word' id='word_1_250' title='bbox 525 3309 585 3344; x_wconf 87' lang='lat' dir='ltr'><strong>sese</strong></span> <span class='ocrx_word' id='word_1_251' title='bbox 603 3294 788 3344; x_wconf 86' lang='lat' dir='ltr'><strong>deiicientium.</strong></span> <span class='ocrx_word' id='word_1_252' title='bbox 813 3323 837 3333; x_wconf 89' lang='lat'><em>-</em></span> <span class='ocrx_word' id='word_1_253' title='bbox 864 3293 1033 3365; x_wconf 81' lang='lat' dir='ltr'><strong>reluctantes]</strong></span> <span class='ocrx_word' id='word_1_254' title='bbox 1057 3293 1123 3349; x_wconf 82' lang='lat' dir='ltr'><strong>Ptin.</strong></span> <span class='ocrx_word' id='word_1_255' title='bbox 1144 3294 1173 3345; x_wconf 87' lang='grc' dir='ltr'><strong>ΙΙ.</strong></span> <span class='ocrx_word' id='word_1_256' title='bbox 1194 3290 1224 3343; x_wconf 82' lang='grc' dir='ltr'><strong>ΙΙ.</strong></span> 
     </span>
     <span class='ocr_line' id='line_1_32' title="bbox 125 3360 1223 3432; baseline 0 -19"><span class='ocrx_word' id='word_1_257' title='bbox 125 3360 208 3424; x_wconf 79' lang='lat' dir='ltr'><strong>x,t:</strong></span> <span class='ocrx_word' id='word_1_258' title='bbox 230 3361 331 3425; x_wconf 82' lang='lat' dir='ltr'><strong>„Draco</strong></span> <span class='ocrx_word' id='word_1_259' title='bbox 352 3363 487 3429; x_wconf 84' lang='lat' dir='ltr'><strong>multipiici</strong></span> <span class='ocrx_word' id='word_1_260' title='bbox 507 3380 576 3414; x_wconf 86' lang='lat' dir='ltr'><strong>nexu</strong></span> <span class='ocrx_word' id='word_1_261' title='bbox 597 3363 651 3414; x_wconf 86' lang='lat' dir='ltr'><strong>aias</strong></span> <span class='ocrx_word' id='word_1_262' title='bbox 671 3363 774 3431; x_wconf 87' lang='lat' dir='ltr'><strong>aquiiae</strong></span> <span class='ocrx_word' id='word_1_263' title='bbox 793 3363 866 3431; x_wconf 79' lang='lat' dir='ltr'><strong>ligat,</strong></span> <span class='ocrx_word' id='word_1_264' title='bbox 885 3367 921 3414; x_wconf 89' lang='lat' dir='ltr'><strong>ita</strong></span> <span class='ocrx_word' id='word_1_265' title='bbox 941 3380 971 3415; x_wconf 89' lang='lat' dir='ltr'><strong>se</strong></span> <span class='ocrx_word' id='word_1_266' title='bbox 981 3364 1117 3432; x_wconf 87' lang='lat' dir='ltr'><strong>implicans</strong></span> <span class='ocrx_word' id='word_1_267' title='bbox 1135 3373 1164 3415; x_wconf 88' lang='lat' dir='ltr'><strong>ut</strong></span> <span class='ocrx_word' id='word_1_268' title='bbox 1182 3363 1223 3413; x_wconf 87' lang='lat' dir='ltr'><strong>si-</strong></span> 
     </span>
     <span class='ocr_line' id='line_1_33' title="bbox 122 3432 1226 3506; baseline -0.001 -24"><span class='ocrx_word' id='word_1_269' title='bbox 122 3432 181 3483; x_wconf 85' lang='lat' dir='ltr'><strong>mui</strong></span> <span class='ocrx_word' id='word_1_270' title='bbox 201 3433 330 3483; x_wconf 82' lang='lat' dir='ltr'><strong>decidat.“</strong></span> <span class='ocrx_word' id='word_1_271' title='bbox 351 3433 386 3482; x_wconf 83' lang='lat' dir='ltr'><strong>ci.</strong></span> <span class='ocrx_word' id='word_1_272' title='bbox 410 3435 479 3501; x_wconf 79' lang='lat' dir='ltr'><strong>Virg.</strong></span> <span class='ocrx_word' id='word_1_273' title='bbox 498 3436 563 3485; x_wconf 83' lang='grc' dir='ltr'><strong>Αὀο.</strong></span> <span class='ocrx_word' id='word_1_274' title='bbox 582 3435 626 3498; x_wconf 79' lang='grc' dir='ltr'>ΙΙΙ,</span> <span class='ocrx_word' id='word_1_275' title='bbox 646 3435 694 3487; x_wconf 80' lang='grc'><strong>751</strong></span> <span class='ocrx_word' id='word_1_276' title='bbox 709 3451 765 3501; x_wconf 89' lang='lat' dir='ltr'><strong>sqq.</strong></span> <span class='ocrx_word' id='word_1_277' title='bbox 782 3460 814 3474; x_wconf 87' lang='lat'><strong>-—</strong></span> <span class='ocrx_word' id='word_1_278' title='bbox 837 3434 921 3506; x_wconf 72' lang='lat' dir='ltr'><strong>dupio]</strong></span> <span class='ocrx_word' id='word_1_279' title='bbox 946 3434 1015 3486; x_wconf 83' lang='lat' dir='ltr'><strong>Fest.</strong></span> <span class='ocrx_word' id='word_1_280' title='bbox 1035 3451 1059 3501; x_wconf 88' lang='lat' dir='ltr'><strong>p.</strong></span> <span class='ocrx_word' id='word_1_281' title='bbox 1072 3436 1119 3489; x_wconf 78' lang='lat' dir='ltr'><strong>bl&#39;:</strong></span> <span class='ocrx_word' id='word_1_282' title='bbox 1139 3434 1226 3500; x_wconf 81' lang='lat' dir='ltr'><strong>„iiaps</strong></span> 
     </span>
     <span class='ocr_line' id='line_1_34' title="bbox 122 3502 1227 3571; baseline 0 -18"><span class='ocrx_word' id='word_1_283' title='bbox 122 3502 196 3569; x_wconf 85' lang='lat' dir='ltr'><strong>apud</strong></span> <span class='ocrx_word' id='word_1_284' title='bbox 217 3506 339 3571; x_wconf 84' lang='lat' dir='ltr'><strong>antiquos</strong></span> <span class='ocrx_word' id='word_1_285' title='bbox 358 3504 492 3556; x_wconf 86' lang='lat' dir='ltr'><strong>dicebatur</strong></span> <span class='ocrx_word' id='word_1_286' title='bbox 511 3521 553 3557; x_wconf 88' lang='lat' dir='ltr'><strong>res</strong></span> <span class='ocrx_word' id='word_1_287' title='bbox 574 3506 678 3567; x_wconf 80' lang='lat' dir='ltr'><strong>divina,</strong></span> <span class='ocrx_word' id='word_1_288' title='bbox 707 3516 773 3571; x_wconf 87' lang='lat' dir='ltr'><strong>quae</strong></span> <span class='ocrx_word' id='word_1_289' title='bbox 801 3504 878 3555; x_wconf 85' lang='lat' dir='ltr'><strong>tiebat</strong></span> <span class='ocrx_word' id='word_1_290' title='bbox 903 3513 947 3555; x_wconf 90' lang='lat' dir='ltr'><strong>aut</strong></span> <span class='ocrx_word' id='word_1_291' title='bbox 973 3504 1080 3555; x_wconf 87' lang='lat' dir='ltr'><strong>hiberna</strong></span> <span class='ocrx_word' id='word_1_292' title='bbox 1108 3511 1227 3555; x_wconf 83' lang='lat' dir='ltr'><strong>semente</strong></span> 
     </span>
     <span class='ocr_line' id='line_1_35' title="bbox 120 3573 1227 3641; baseline -0.001 -17"><span class='ocrx_word' id='word_1_293' title='bbox 120 3582 174 3624; x_wconf 84' lang='lat' dir='ltr'><strong>aut</strong></span> <span class='ocrx_word' id='word_1_294' title='bbox 194 3586 284 3625; x_wconf 86' lang='lat' dir='ltr'><strong>verna.</strong></span> <span class='ocrx_word' id='word_1_295' title='bbox 296 3582 311 3609; x_wconf 66' lang='lat'><em>⁶</em></span> <span class='ocrx_word' id='word_1_296' title='bbox 356 3575 379 3624; x_wconf 84' lang='grc' dir='ltr'>Α</span> <span class='ocrx_word' id='word_1_297' title='bbox 398 3578 483 3641; x_wconf 88' lang='lat' dir='ltr'><strong>poetis</strong></span> <span class='ocrx_word' id='word_1_298' title='bbox 506 3575 601 3627; x_wconf 88' lang='lat' dir='ltr'><strong>deinde</strong></span> <span class='ocrx_word' id='word_1_299' title='bbox 623 3583 649 3625; x_wconf 88' lang='lat' dir='ltr'><strong>et</strong></span> <span class='ocrx_word' id='word_1_300' title='bbox 667 3575 808 3625; x_wconf 84' lang='lat' dir='ltr'><strong>acrioribus</strong></span> <span class='ocrx_word' id='word_1_301' title='bbox 826 3575 995 3641; x_wconf 87' lang='lat' dir='ltr'><strong>scriptoribus</strong></span> <span class='ocrx_word' id='word_1_302' title='bbox 1013 3590 1028 3625; x_wconf 91' lang='lat' dir='ltr'><strong>a</strong></span> <span class='ocrx_word' id='word_1_303' title='bbox 1047 3576 1127 3624; x_wconf 77' lang='lat' dir='ltr'><strong>sacrm</strong></span> <span class='ocrx_word' id='word_1_304' title='bbox 1148 3573 1227 3625; x_wconf 88' lang='lat' dir='ltr'><strong>rebus</strong></span> 
     </span>
     <span class='ocr_line' id='line_1_36' title="bbox 124 3644 1228 3714; baseline 0 -19"><span class='ocrx_word' id='word_1_305' title='bbox 124 3645 164 3695; x_wconf 86' lang='lat' dir='ltr'><strong>ad</strong></span> <span class='ocrx_word' id='word_1_306' title='bbox 181 3645 307 3711; x_wconf 74' lang='lat' dir='ltr'><strong>profanas</strong></span> <span class='ocrx_word' id='word_1_307' title='bbox 329 3646 406 3696; x_wconf 81' lang='lat' dir='ltr'><strong>etiam</strong></span> <span class='ocrx_word' id='word_1_308' title='bbox 425 3645 547 3698; x_wconf 75' lang='lat' dir='ltr'><strong>mansiata</strong></span> <span class='ocrx_word' id='word_1_309' title='bbox 564 3662 616 3697; x_wconf 83' lang='lat' dir='ltr'><strong>von</strong></span> <span class='ocrx_word' id='word_1_310' title='bbox 635 3653 682 3695; x_wconf 88' lang='lat' dir='ltr'><strong>est.</strong></span> <span class='ocrx_word' id='word_1_311' title='bbox 702 3675 736 3685; x_wconf 89' lang='lat'><strong>-</strong></span> <span class='ocrx_word' id='word_1_312' title='bbox 756 3647 812 3695; x_wconf 85' lang='lat' dir='ltr'><strong>ium</strong></span> <span class='ocrx_word' id='word_1_313' title='bbox 828 3645 906 3714; x_wconf 81' lang='lat' dir='ltr'><strong>iocre]</strong></span> <span class='ocrx_word' id='word_1_314' title='bbox 936 3645 1000 3696; x_wconf 83' lang='lat' dir='ltr'><strong>Cum</strong></span> <span class='ocrx_word' id='word_1_315' title='bbox 1019 3653 1078 3711; x_wconf 91' lang='lat' dir='ltr'><strong>post</strong></span> <span class='ocrx_word' id='word_1_316' title='bbox 1098 3645 1131 3696; x_wconf 84' lang='lat' dir='ltr'><strong>ab</strong></span> <span class='ocrx_word' id='word_1_317' title='bbox 1148 3644 1228 3695; x_wconf 81' lang='lat' dir='ltr'><strong>aiere</strong></span> 
     </span>
     <span class='ocr_line' id='line_1_37' title="bbox 124 3714 1227 3782; baseline -0.002 -16"><span class='ocrx_word' id='word_1_318' title='bbox 124 3715 260 3767; x_wconf 79' lang='lat' dir='ltr'><strong>vocabula</strong></span> <span class='ocrx_word' id='word_1_319' title='bbox 278 3715 416 3768; x_wconf 84' lang='lat' dir='ltr'><strong>molestum</strong></span> <span class='ocrx_word' id='word_1_320' title='bbox 434 3718 568 3769; x_wconf 79' lang='lat' dir='ltr'><strong>rideretur</strong></span> <span class='ocrx_word' id='word_1_321' title='bbox 588 3718 664 3779; x_wconf 72' lang='lat' dir='ltr'><strong>mete,</strong></span> <span class='ocrx_word' id='word_1_322' title='bbox 682 3714 816 3765; x_wconf 86' lang='lat' dir='ltr'><strong>sciliceta</strong></span> <span class='ocrx_word' id='word_1_323' title='bbox 834 3715 927 3782; x_wconf 82' lang='lat' dir='ltr'><strong>quibus</strong></span> <span class='ocrx_word' id='word_1_324' title='bbox 944 3717 1024 3767; x_wconf 82' lang='lat' dir='ltr'><strong>odere</strong></span> <span class='ocrx_word' id='word_1_325' title='bbox 1036 3714 1227 3766; x_wconf 87' lang='lat' dir='ltr'><strong>substantivum</strong></span> 
     </span>
     <span class='ocr_line' id='line_1_38' title="bbox 123 3787 1228 3854; baseline -0.003 -16"><span class='ocrx_word' id='word_1_326' title='bbox 123 3795 362 3853; x_wconf 61' lang='lat' dir='ltr'><strong>amputaretur,</strong></span> <span class='ocrx_word' id='word_1_327' title='bbox 389 3790 480 3854; x_wconf 85' lang='lat' dir='ltr'><strong>partim</strong></span> <span class='ocrx_word' id='word_1_328' title='bbox 499 3797 629 3839; x_wconf 89' lang='lat' dir='ltr'><strong>mutarunt</strong></span> <span class='ocrx_word' id='word_1_329' title='bbox 644 3789 699 3838; x_wconf 83' lang='lat' dir='ltr'><strong>iam</strong></span> <span class='ocrx_word' id='word_1_330' title='bbox 715 3802 807 3849; x_wconf 83' lang='lat' dir='ltr'><strong>mane,</strong></span> <span class='ocrx_word' id='word_1_331' title='bbox 835 3787 889 3836; x_wconf 76' lang='lat' dir='ltr'><strong>iaia</strong></span> <span class='ocrx_word' id='word_1_332' title='bbox 905 3794 1010 3854; x_wconf 79' lang='lat' dir='ltr'><strong>sponte,</strong></span> <span class='ocrx_word' id='word_1_333' title='bbox 1037 3788 1090 3837; x_wconf 82' lang='lat' dir='ltr'><strong>ium</strong></span> <span class='ocrx_word' id='word_1_334' title='bbox 1115 3788 1228 3852; x_wconf 77' lang='lat' dir='ltr'><strong>iamque,</strong></span> 
     </span>
     <span class='ocr_line' id='line_1_39' title="bbox 122 3855 1286 3927; baseline -0.003 -19"><span class='ocrx_word' id='word_1_335' title='bbox 122 3857 212 3927; x_wconf 70' lang='lat' dir='ltr'><strong>pirric</strong></span> <span class='ocrx_word' id='word_1_336' title='bbox 228 3866 299 3920; x_wconf 79' lang='lat' dir='ltr'><strong>cate,</strong></span> <span class='ocrx_word' id='word_1_337' title='bbox 318 3859 409 3924; x_wconf 87' lang='lat' dir='ltr'><strong>partim</strong></span> <span class='ocrx_word' id='word_1_338' title='bbox 420 3861 482 3911; x_wconf 87' lang='lat' dir='ltr'><strong>satis</strong></span> <span class='ocrx_word' id='word_1_339' title='bbox 495 3861 585 3926; x_wconf 86' lang='lat' dir='ltr'><strong>inepte</strong></span> <span class='ocrx_word' id='word_1_340' title='bbox 596 3857 776 3927; x_wconf 85' lang='lat' dir='ltr'><strong>opinabantur,</strong></span> <span class='ocrx_word' id='word_1_341' title='bbox 799 3856 893 3907; x_wconf 87' lang='lat' dir='ltr'><strong>addere</strong></span> <span class='ocrx_word' id='word_1_342' title='bbox 904 3856 1020 3908; x_wconf 84' lang='lat' dir='ltr'><strong>voluisse</strong></span> <span class='ocrx_word' id='word_1_343' title='bbox 1033 3863 1145 3923; x_wconf 88' lang='lat' dir='ltr'><strong>poetam,</strong></span> <span class='ocrx_word' id='word_1_344' title='bbox 1169 3855 1230 3905; x_wconf 88' lang='lat' dir='ltr'><strong>dili·</strong></span> <span class='ocrx_word' id='word_1_345' title='bbox 1280 3888 1286 3897; x_wconf 82' lang='lat'>·</span> 
     </span>
     <span class='ocr_line' id='line_1_40' title="bbox 123 3926 1231 3996; baseline 0 -18"><span class='ocrx_word' id='word_1_346' title='bbox 123 3937 238 3996; x_wconf 80' lang='lat' dir='ltr'><strong>gentem</strong></span> <span class='ocrx_word' id='word_1_347' title='bbox 255 3943 314 3979; x_wconf 91' lang='lat' dir='ltr'><strong>eum</strong></span> <span class='ocrx_word' id='word_1_348' title='bbox 336 3937 487 3995; x_wconf 76' lang='lat' dir='ltr'><strong>etcertum,</strong></span> <span class='ocrx_word' id='word_1_349' title='bbox 505 3944 520 3980; x_wconf 90' lang='lat' dir='ltr'><strong>a</strong></span> <span class='ocrx_word' id='word_1_350' title='bbox 540 3930 661 3981; x_wconf 88' lang='lat' dir='ltr'><strong>cuiusrei</strong></span> <span class='ocrx_word' id='word_1_351' title='bbox 673 3944 721 3979; x_wconf 85' lang='lat' dir='ltr'><strong>usu</strong></span> <span class='ocrx_word' id='word_1_352' title='bbox 740 3927 921 3995; x_wconf 89' lang='lat' dir='ltr'><strong>prohiberetur</strong></span> <span class='ocrx_word' id='word_1_353' title='bbox 935 3929 977 3979; x_wconf 89' lang='lat' dir='ltr'><strong>leo</strong></span> <span class='ocrx_word' id='word_1_354' title='bbox 996 3927 1028 3978; x_wconf 91' lang='lat' dir='ltr'><strong>ab</strong></span> <span class='ocrx_word' id='word_1_355' title='bbox 1044 3927 1125 3978; x_wconf 88' lang='lat' dir='ltr'><strong>ubere</strong></span> <span class='ocrx_word' id='word_1_356' title='bbox 1143 3926 1231 3978; x_wconf 79' lang='lat' dir='ltr'><strong>mama</strong></span> 
     </span>
     <span class='ocr_line' id='line_1_41' title="bbox 123 3998 1230 4069; baseline -0.001 -20"><span class='ocrx_word' id='word_1_357' title='bbox 123 3999 275 4065; x_wconf 73' lang='lat' dir='ltr'><strong>depulsus,</strong></span> <span class='ocrx_word' id='word_1_358' title='bbox 301 4001 396 4065; x_wconf 89' lang='lat' dir='ltr'><strong>partim</strong></span> <span class='ocrx_word' id='word_1_359' title='bbox 419 4000 487 4052; x_wconf 78' lang='lat' dir='ltr'><strong>lacte</strong></span> <span class='ocrx_word' id='word_1_360' title='bbox 505 4001 624 4069; x_wconf 71' lang='lat' dir='ltr'><strong>depulsos</strong></span> <span class='ocrx_word' id='word_1_361' title='bbox 644 3998 754 4067; x_wconf 86' lang='lat' dir='ltr'><strong>quodam</strong></span> <span class='ocrx_word' id='word_1_362' title='bbox 772 3998 849 4050; x_wconf 94' lang='lat' dir='ltr'><strong>modo</strong></span> <span class='ocrx_word' id='word_1_363' title='bbox 871 3999 898 4049; x_wconf 92' lang='lat' dir='ltr'><strong>in</strong></span> <span class='ocrx_word' id='word_1_364' title='bbox 916 4014 993 4049; x_wconf 90' lang='lat' dir='ltr'><strong>unam</strong></span> <span class='ocrx_word' id='word_1_365' title='bbox 1011 3999 1144 4049; x_wconf 90' lang='lat' dir='ltr'><strong>notionem</strong></span> <span class='ocrx_word' id='word_1_366' title='bbox 1165 4011 1230 4048; x_wconf 90' lang='lat' dir='ltr'><strong>coa-</strong></span> 
     </span>
     <span class='ocr_line' id='line_1_42' title="bbox 122 4069 1230 4137; baseline -0.002 -17"><span class='ocrx_word' id='word_1_367' title='bbox 122 4069 236 4121; x_wconf 84' lang='lat' dir='ltr'><strong>lescere</strong></span> <span class='ocrx_word' id='word_1_368' title='bbox 257 4071 333 4121; x_wconf 88' lang='lat' dir='ltr'><strong>nimis</strong></span> <span class='ocrx_word' id='word_1_369' title='bbox 354 4079 431 4122; x_wconf 83' lang='lat' dir='ltr'><strong>acute</strong></span> <span class='ocrx_word' id='word_1_370' title='bbox 452 4071 580 4123; x_wconf 87' lang='lat' dir='ltr'><strong>viderunt.</strong></span> <span class='ocrx_word' id='word_1_371' title='bbox 618 4071 669 4124; x_wconf 87' lang='lat' dir='ltr'><strong>Sed</strong></span> <span class='ocrx_word' id='word_1_372' title='bbox 685 4078 783 4122; x_wconf 88' lang='lat' dir='ltr'><strong>tantum</strong></span> <span class='ocrx_word' id='word_1_373' title='bbox 802 4069 893 4133; x_wconf 87' lang='lat' dir='ltr'><strong>abest,</strong></span> <span class='ocrx_word' id='word_1_374' title='bbox 911 4078 940 4119; x_wconf 90' lang='lat' dir='ltr'><strong>ut</strong></span> <span class='ocrx_word' id='word_1_375' title='bbox 958 4070 1096 4137; x_wconf 83' lang='lat' dir='ltr'><strong>quominus</strong></span> <span class='ocrx_word' id='word_1_376' title='bbox 1117 4071 1230 4120; x_wconf 87' lang='lat' dir='ltr'><strong>coniun-</strong></span> 
     </span>
     <span class='ocr_line' id='line_1_43' title="bbox 120 4138 1229 4212; baseline -0.004 -19"><span class='ocrx_word' id='word_1_377' title='bbox 120 4156 226 4209; x_wconf 72' lang='lat' dir='ltr'><strong>gatnua</strong></span> <span class='ocrx_word' id='word_1_378' title='bbox 243 4142 275 4193; x_wconf 79' lang='lat' dir='ltr'><strong>od</strong></span> <span class='ocrx_word' id='word_1_379' title='bbox 294 4143 373 4193; x_wconf 80' lang='lat' dir='ltr'><strong>ubere</strong></span> <span class='ocrx_word' id='word_1_380' title='bbox 394 4141 461 4193; x_wconf 77' lang='lat' dir='ltr'><strong>laete</strong></span> <span class='ocrx_word' id='word_1_381' title='bbox 480 4143 527 4212; x_wconf 87' lang='lat' dir='ltr'><strong>(ci.</strong></span> <span class='ocrx_word' id='word_1_382' title='bbox 546 4142 630 4195; x_wconf 84' lang='lat' dir='ltr'><strong>Germ.</strong></span> <span class='ocrx_word' id='word_1_383' title='bbox 651 4142 684 4205; x_wconf 90' lang='grc' dir='ltr'><strong>ΙΙ,</strong></span> <span class='ocrx_word' id='word_1_384' title='bbox 709 4140 750 4203; x_wconf 83' lang='grc'><strong>19,</strong></span> <span class='ocrx_word' id='word_1_385' title='bbox 774 4142 819 4207; x_wconf 80' lang='lat' dir='ltr'><strong>lb)</strong></span> <span class='ocrx_word' id='word_1_386' title='bbox 846 4140 952 4191; x_wconf 89' lang='lat' dir='ltr'><strong>obstare</strong></span> <span class='ocrx_word' id='word_1_387' title='bbox 977 4138 1115 4207; x_wconf 88' lang='lat' dir='ltr'><strong>quidquam</strong></span> <span class='ocrx_word' id='word_1_388' title='bbox 1136 4139 1229 4190; x_wconf 81' lang='lat' dir='ltr'><strong>ridea-</strong></span> 
     </span>
     <span class='ocr_line' id='line_1_44' title="bbox 120 4210 1228 4280; baseline -0.002 -17"><span class='ocrx_word' id='word_1_389' title='bbox 120 4220 194 4273; x_wconf 87' lang='lat' dir='ltr'><strong>tur,</strong></span> <span class='ocrx_word' id='word_1_390' title='bbox 221 4221 248 4263; x_wconf 86' lang='lat' dir='ltr'><strong>ut</strong></span> <span class='ocrx_word' id='word_1_391' title='bbox 274 4211 402 4280; x_wconf 86' lang='lat' dir='ltr'><strong>particula</strong></span> <span class='ocrx_word' id='word_1_392' title='bbox 419 4216 472 4264; x_wconf 85' lang='lat' dir='ltr'><strong>iam</strong></span> <span class='ocrx_word' id='word_1_393' title='bbox 488 4214 565 4265; x_wconf 89' lang='lat' dir='ltr'><strong>aliam</strong></span> <span class='ocrx_word' id='word_1_394' title='bbox 582 4214 820 4279; x_wconf 87' lang='lat' dir='ltr'><strong>interpretationem</strong></span> <span class='ocrx_word' id='word_1_395' title='bbox 840 4210 917 4278; x_wconf 84' lang='lat' dir='ltr'><strong>piane</strong></span> <span class='ocrx_word' id='word_1_396' title='bbox 936 4210 1041 4263; x_wconf 80' lang='lat' dir='ltr'><strong>refellat</strong></span> <span class='ocrx_word' id='word_1_397' title='bbox 1085 4211 1140 4261; x_wconf 87' lang='lat' dir='ltr'><strong>lloc</strong></span> <span class='ocrx_word' id='word_1_398' title='bbox 1160 4210 1228 4261; x_wconf 80' lang='lat' dir='ltr'><strong>auita</strong></span> 
     </span>
     <span class='ocr_line' id='line_1_45' title="bbox 123 4281 1230 4349; baseline -0.002 -16"><span class='ocrx_word' id='word_1_399' title='bbox 123 4283 199 4334; x_wconf 77' lang='lat' dir='ltr'><strong>dicit</strong></span> <span class='ocrx_word' id='word_1_400' title='bbox 219 4283 354 4335; x_wconf 83' lang='lat' dir='ltr'><strong>Horatius:</strong></span> <span class='ocrx_word' id='word_1_401' title='bbox 375 4286 477 4337; x_wconf 86' lang='lat' dir='ltr'><strong>etiamsi</strong></span> <span class='ocrx_word' id='word_1_402' title='bbox 496 4283 560 4336; x_wconf 88' lang='lat' dir='ltr'><strong>uber</strong></span> <span class='ocrx_word' id='word_1_403' title='bbox 578 4292 619 4335; x_wconf 88' lang='lat' dir='ltr'><strong>est</strong></span> <span class='ocrx_word' id='word_1_404' title='bbox 636 4286 723 4335; x_wconf 88' lang='lat' dir='ltr'><strong>matris</strong></span> <span class='ocrx_word' id='word_1_405' title='bbox 740 4282 801 4345; x_wconf 86' lang='lat' dir='ltr'><strong>lac,</strong></span> <span class='ocrx_word' id='word_1_406' title='bbox 819 4298 871 4349; x_wconf 89' lang='lat' dir='ltr'><strong>quo</strong></span> <span class='ocrx_word' id='word_1_407' title='bbox 892 4290 1008 4348; x_wconf 87' lang='lat' dir='ltr'><strong>tempore</strong></span> <span class='ocrx_word' id='word_1_408' title='bbox 1027 4281 1069 4333; x_wconf 88' lang='lat' dir='ltr'><strong>ico</strong></span> <span class='ocrx_word' id='word_1_409' title='bbox 1087 4283 1130 4349; x_wconf 91' lang='lat' dir='ltr'><strong>qni</strong></span> <span class='ocrx_word' id='word_1_410' title='bbox 1151 4295 1230 4335; x_wconf 77' lang='lat' dir='ltr'><strong>carne</strong></span> 
     </span>
     <span class='ocr_line' id='line_1_46' title="bbox 120 4351 1230 4420; baseline -0.001 -18"><span class='ocrx_word' id='word_1_411' title='bbox 120 4363 254 4406; x_wconf 73' lang='lat' dir='ltr'><strong>vescatur</strong></span> <span class='ocrx_word' id='word_1_412' title='bbox 272 4357 315 4407; x_wconf 85' lang='lat' dir='ltr'><strong>vix</strong></span> <span class='ocrx_word' id='word_1_413' title='bbox 337 4355 447 4407; x_wconf 88' lang='lat' dir='ltr'><strong>idoneus</strong></span> <span class='ocrx_word' id='word_1_414' title='bbox 468 4364 516 4419; x_wconf 81' lang='lat' dir='ltr'><strong>est,</strong></span> <span class='ocrx_word' id='word_1_415' title='bbox 534 4364 618 4406; x_wconf 85' lang='lat' dir='ltr'><strong>tamen</strong></span> <span class='ocrx_word' id='word_1_416' title='bbox 639 4357 731 4406; x_wconf 87' lang='lat' dir='ltr'><strong>insitus</strong></span> <span class='ocrx_word' id='word_1_417' title='bbox 750 4356 825 4420; x_wconf 84' lang='lat' dir='ltr'><strong>vigor</strong></span> <span class='ocrx_word' id='word_1_418' title='bbox 835 4353 946 4404; x_wconf 83' lang='lat' dir='ltr'><strong>catulum</strong></span> <span class='ocrx_word' id='word_1_419' title='bbox 959 4355 1009 4404; x_wconf 92' lang='lat' dir='ltr'><strong>iam</strong></span> <span class='ocrx_word' id='word_1_420' title='bbox 1019 4351 1128 4419; x_wconf 83' lang='lat' dir='ltr'><strong>depellit</strong></span> <span class='ocrx_word' id='word_1_421' title='bbox 1141 4353 1230 4402; x_wconf 85' lang='lat' dir='ltr'><strong>acuit-</strong></span> 
     </span>
     <span class='ocr_line' id='line_1_47' title="bbox 120 4422 1234 4508; baseline 0 -34"><span class='ocrx_word' id='word_1_422' title='bbox 120 4439 189 4491; x_wconf 79' lang='lat' dir='ltr'><strong>que</strong></span> <span class='ocrx_word' id='word_1_423' title='bbox 206 4434 233 4475; x_wconf 88' lang='lat' dir='ltr'><strong>ut</strong></span> <span class='ocrx_word' id='word_1_424' title='bbox 250 4441 314 4478; x_wconf 85' lang='lat' dir='ltr'><strong>oves</strong></span> <span class='ocrx_word' id='word_1_425' title='bbox 335 4426 512 4508; x_wconf 64' lang='lat' dir='ltr'><strong>aggrediatur.</strong></span> <span class='ocrx_word' id='word_1_426' title='bbox 543 4456 576 4468; x_wconf 87' lang='lat'>-</span> <span class='ocrx_word' id='word_1_427' title='bbox 606 4425 705 4498; x_wconf 79' lang='lat' dir='ltr'><strong>cidere]</strong></span> <span class='ocrx_word' id='word_1_428' title='bbox 726 4425 821 4476; x_wconf 86' lang='lat' dir='ltr'><strong>iterato</strong></span> <span class='ocrx_word' id='word_1_429' title='bbox 839 4424 889 4474; x_wconf 87' lang='lat' dir='ltr'><strong>boo</strong></span> <span class='ocrx_word' id='word_1_430' title='bbox 907 4423 987 4476; x_wconf 83' lang='lat' dir='ltr'><strong>verbo</strong></span> <span class='ocrx_word' id='word_1_431' title='bbox 1006 4439 1038 4476; x_wconf 81' lang='lat' dir='ltr'><strong>er</strong></span> <span class='ocrx_word' id='word_1_432' title='bbox 1057 4422 1234 4491; x_wconf 78' lang='lat' dir='ltr'><strong>praecedento</strong></span> 
     </span>
     <span class='ocr_line' id='line_1_48' title="bbox 122 4495 938 4566; baseline 0.001 -22"><span class='ocrx_word' id='word_1_433' title='bbox 122 4510 215 4547; x_wconf 78' lang='lat' dir='ltr'><strong>ueras</strong></span> <span class='ocrx_word' id='word_1_434' title='bbox 233 4498 315 4549; x_wconf 89' lang='lat' dir='ltr'><strong>omnis</strong></span> <span class='ocrx_word' id='word_1_435' title='bbox 333 4497 629 4566; x_wconf 78' lang='lat' dir='ltr'><strong>iscus.comparuriunis</strong></span> <span class='ocrx_word' id='word_1_436' title='bbox 650 4497 689 4548; x_wconf 87' lang='lat' dir='ltr'><strong>ris</strong></span> <span class='ocrx_word' id='word_1_437' title='bbox 708 4496 758 4547; x_wconf 90' lang='lat' dir='ltr'><strong>huc</strong></span> <span class='ocrx_word' id='word_1_438' title='bbox 777 4495 938 4548; x_wconf 73' lang='lat' dir='ltr'><strong>transfertur.</strong></span> 
     </span>
    </p>
   </div>
   <div class='ocr_carea' id='block_1_7' title="bbox 0 0 1570 5042">
    <p class='ocr_par' dir='ltr' id='par_1_14' title="bbox 0 0 1570 5042">
     <span class='ocr_line' id='line_1_49' title="bbox 0 0 1570 5042; baseline 0 0"><span class='ocrx_word' id='word_1_439' title='bbox 0 0 1570 5042; x_wconf 95' lang='lat' dir='ltr'><strong> </strong></span> 
     </span>
    </p>
   </div>
  </div>
 </body>
</html>
