3117 5042
381 418 472 483 lalli-
495 421 518 482 l.
567 414 717 483 edun.
737 418 837 483 XXV.
858 423 971 486 XXVl.
1180 428 1224 487 Β

315 583 472 660 'ueneat
493 595 582 678 pulla
602 597 704 680 aragia
723 606 820 683 atque
839 609 957 681 myrto,

327 704 441 767 Aridus
462 703 591 767 lmndea
615 704 724 770 neuls
746 707 847 771 sodali

270 827 304 872 ao
407 813 535 877 Dedicet
553 812 667 877 llelro.
761 895 765 903 Ι

501 1189 699 1267 Carmen
733 1193 852 1267 XXVl.

328 1353 425 1417 dlusia
448 1355 566 1418 auricus
589 1356 746 1421 tristitiam
769 1366 802 1420 et
820 1365 919 1422 metue

328 1461 465 1526 'l'radanr
484 1464 641 1545 protervis
659 1466 691 1528 iu
708 1485 795 1529 nare
817 1466 970 1531 creticum

369 1569 500 1635 Portare
522 1573 648 1652 veutla,
670 1572 739 1657 quie
759 1575 816 1640 suo
836 1577 932 1640 tren

406 1680 476 1744 ltex
497 1681 623 1762 gelidae
642 1689 799 1747 nemum
820 1701 907 1758 orae,

291 1844 306 1887 a
331 1828 409 1905 Quid
431 1830 595 1894 Tiridaten
617 1838 753 1910 teneat,
774 1834 864 1896 unice

326 1939 472 2001 Seeurua
515 1938 640 2021 oquae
662 1938 802 2003 fontibus
821 1940 952 2023 integris

117 2110 397 2237 ἓιῃοιρῗηέωδιιονι
414 2113 537 2166 instruxit
553 2114 692 2171 sententia.
725 2112 765 2165 lle
776 2113 864 2165 llebro
877 2113 939 2166 ride
956 2111 1040 2166 (lana.
1059 2114 1105 2181 lll,
1124 2115 1226 2183 25,10.

141 2198 183 2250 prs
238 2223 247 2248 ,
287 2221 295 2249 ,
333 2221 340 2234 .
508 2210 514 2215 ·

537 2302 687 2355 Carmen
716 2302 806 2356 XXVl.

191 2396 222 2450 L.
243 2397 335 2451 Aelim
356 2397 465 2464 lamia,
481 2409 605 2467 quantum
626 2397 732 2467 quidem
750 2414 784 2450 ex
801 2398 854 2451 hoc
871 2399 985 2451 carmine
1005 2407 1032 2450 et
1056 2412 1089 2450 ex
1108 2397 1168 2451 libr.
1185 2399 1222 2454 lll

118 2482 201 2521 earm.
225 2472 257 2524 17
277 2469 450 2537 intelligitur,
478 2471 565 2522 animo
591 2471 694 2521 videtur
712 2469 795 2521 luiree
814 2485 908 2522 severo
925 2484 1064 2537 rerumque
1083 2485 1151 2538 quae
1170 2478 1223 2523 turn

119 2549 196 2591 erant
214 2543 303 2593 nimiis
321 2543 391 2593 curia
410 2542 506 2608 agitato
523 2541 557 2592 ad
574 2543 758 2608 tristitiamque
776 2540 897 2607 proclivi.
941 2540 990 2592 Cui
1014 2539 1118 2608 quidem
1138 2540 1223 2593 llora·

119 2611 173 2663 um
192 2613 256 2680 quid
278 2614 336 2681 ipae
357 2613 486 2664 linearum
504 2611 584 2664 cultui
607 2620 634 2664 et
654 2613 728 2680 poeai
747 2611 842 2662 debeat
863 2611 994 2675 ostendit,
1013 2627 1089 2680 quam
1108 2611 1174 2663 liber
1191 2614 1225 2663 ait

119 2682 155 2733 alr
174 2685 246 2735 omni
264 2684 368 2736 triatitia
387 2698 419 2734 ao
435 2691 515 2747 metu,
534 2699 611 2750 quam
631 2683 743 2750 gaudeat
760 2681 880 2733 omnibus
900 2697 968 2750 quae
979 2691 1051 2750 grata
1067 2690 1093 2735 et
1111 2683 1225 2737 iucunda

120 2752 225 2805 dederit
243 2771 328 2806 rerum
347 2763 448 2805 natura.
494 2753 580 2818 Quare
604 2754 637 2806 ad
655 2754 752 2805 liuram
771 2767 915 2805 corruerem
931 2763 1068 2822 precatur,
1094 2762 1123 2807 ut
1140 2756 1223 2807 amico

121 2840 230 2892 quoque
259 2827 373 2878 animum
400 2825 539 2891 etoouloa
559 2825 590 2876 ad
619 2824 801 2892 percipiendas
823 2832 850 2874 et
870 2825 992 2876 fruendae
1010 2827 1127 2877 sincerae
1146 2825 1224 2877 volu-

120 2904 208 2962 platea
229 2898 304 2963 quari
322 2898 441 2963 aperiat,
468 2904 497 2946 ut
511 2896 579 2947 hune
597 2911 702 2964 quoque
722 2895 754 2946 ab
775 2895 918 2946 alienarunt
942 2912 1026 2947 rerum
1043 2898 1146 2963 ingrata
1164 2912 1226 2948 cura

119 2976 274 3021 revooatunr
294 2967 327 3019 ad
349 2970 426 3018 vitain
446 2982 509 3018 vere
527 2966 629 3018 beatam
650 2966 775 3033 perducat
792 2965 937 3033 meritoque
956 2968 1054 3017 honore
1071 2974 1175 3032 augeat
1188 2997 1223 3011 .-

119 3037 277 3105 Exemplum
296 3054 384 3090 earum
402 3053 496 3102 rerum,
515 3037 609 3105 quibua
627 3038 786 3088 commoveri
807 3038 917 3087 amicum
932 3036 1052 3089 lloratiua
1061 3045 1141 3099 vetat,
1162 3036 1224 3089 Par·

120 3109 224 3161 thorum
247 3111 401 3177 proponitur
426 3109 576 3161 intertiuum
596 3106 692 3160 bellurn
712 3110 779 3159 inter
808 3107 945 3159 Tiridatem
967 3117 993 3159 et
1009 3107 1162 3169 Phraatem3
1191 3106 1225 3159 de

118 3196 173 3248 quo
191 3180 308 3233 Iuntina
325 3179 441 3245 tulto:
459 3180 590 3246 ‚Victoria
607 3178 641 3230 de
658 3180 771 3231 Antonio
792 3179 946 3230 insolentior
966 3179 1089 3232 Phraates
1106 3177 1223 3231 redditur

121 3267 182 3303 earn
204 3252 287 3304 multa
308 3250 446 3319 crudeliter
468 3249 626 3314 comuleret,
645 3252 672 3301 iu
691 3248 798 3301 exilium
815 3265 831 3300 a
848 3250 947 3318 populo
968 3266 1016 3304 auo
1035 3249 1150 3317 pellitur.
1169 3250 1224 3303 lta-

111 3338 177 3390 .que
195 3339 255 3375 eum
275 3337 371 3390 magno
389 3331 506 3389 tempore
526 3320 647 3372 finitimae
668 3322 798 3385 civitates,
817 3320 849 3371 ad
869 3330 1027 3388 postremum
1040 3320 1223 3389 Scythaapre-

120 3393 198 3445 eilruo
217 3392 364 3460 latigaaaet,
384 3393 536 3458 Scytharum
558 3393 668 3442 maximo
686 3391 784 3443 auxilio
802 3392 828 3441 in
847 3408 956 3459 regnum
978 3394 1129 3445 restituitur.
1168 3392 1224 3443 lloe

120 3465 233 3515 absente
253 3478 343 3531 regem
363 3462 448 3515 Parthi
468 3461 606 3515 Tiridatem
624 3462 752 3530 quendam
770 3464 976 3525 constituerant,
1003 3465 1047 3529 qui
1068 3462 1156 3513 audito
1175 3462 1223 3512 ed-

120 3545 203 3587 ream
223 3530 378 3599 Scytharum
398 3550 458 3585 oum
480 3548 575 3599 magua
601 3534 740 3587 amicorum
770 3548 848 3584 manu
866 3533 899 3584 ad
924 3533 1061 3585 Caesarem
1081 3534 1107 3583 in
1126 3532 1223 3598 lliapa-

118 3608 191 3658 niarn
210 3605 309 3659 hellam
329 3614 391 3659 tuoe
409 3606 534 3672 temporie
553 3612 686 3670 gerentem
707 3602 848 3670 profugit.⁸⁴
897 3604 950 3654 lam
975 3619 1034 3654 eum
1058 3602 1181 3655 Phraates
1199 3617 1223 3653 a

120 3678 174 3731 too
195 3677 320 3728 reductor
339 3677 373 3727 ait
389 3676 542 3741 Scytharum
563 3674 670 3738 auxilio,
691 3674 820 3725 efficiatur
833 3690 943 3725 neeesse
956 3681 996 3724 ert
1014 3681 1042 3723 ut
1059 3672 1108 3724 hoc
1121 3687 1225 3723 curnreu

118 3765 144 3800 a.
169 3747 222 3799 729
244 3748 418 3814 compositum
439 3746 565 3797 rideatur.
609 3746 662 3798 Alii
691 3745 782 3796 luatini
803 3743 880 3795 iidem
907 3751 1061 3810 spernentes
1090 3750 1117 3793 et
1133 3742 1224 3793 Dionia

119 3820 306 3870 auetoritatem
325 3825 466 3884 requenter
484 3816 623 3868 Tiridatem
638 3832 691 3868 non
711 3818 737 3865 in
756 3815 880 3881 llispania
898 3814 945 3866 aed
964 3814 989 3864 in
1008 3815 1071 3864 llaia
1090 3813 1176 3867 utor
1193 3811 1226 3864 ad

123 3890 269 3943 Caeaarenr
287 3890 395 3940 venisse
414 3888 647 3955 eodemqueanno
665 3901 769 3938 carmen
789 3886 914 3950 seriptum
931 3884 1028 3935 dicunt.

190 3986 225 4035 V.
244 3986 271 4035 2
290 3985 420 4053 protervis
432 3985 525 4051 omlis]
545 3982 667 4050 quoniam
681 3994 802 4050 quaeque
823 3979 872 4032 eibi
890 3978 1019 4029 obstantia
1036 3976 1188 4046 propellunt
1198 3985 1227 4030 et

118 4058 194 4123 qnasi
218 4054 334 4106 ludibrio
349 4052 454 4105 liabent.
491 4053 574 4120 Epod.
594 4052 637 4115 16,
657 4053 699 4105 22.
719 4085 751 4096 -
784 4068 857 4102 more
877 4051 1015 4120 Creticum]
1036 4049 1096 4100 ideo
1116 4050 1226 4116 potiari-

118 4142 187 4179 murn
207 4127 366 4187 nominatur,
387 4126 448 4193 quia
465 4127 543 4176 maria
561 4124 639 4176 medii
657 4123 690 4173 ab
708 4122 784 4174 ltalia
801 4122 975 4173 remotissima
994 4135 1076 4188 prope
1095 4136 1155 4187 perr
1175 4129 1225 4173 eat

120 4207 286 4268 -perrm
321 4196 385 4248 ride
409 4194 442 4246 ad
461 4195 544 4247 Garm.
564 4195 584 4257 l,
602 4201 627 4258 1,
647 4194 673 4247 8.
705 4216 740 4235 ·-
777 4190 997 4266 proloquitur.
1034 4191 1117 4260 Epod.
1141 4195 1182 4257 11,
1199 4191 1225 4244 9.

123 4270 174 4321 Sat
194 4269 217 4333 l,
237 4271 262 4332 1,
299 4269 324 4320 5.
344 4266 372 4331 3,
391 4266 436 4319 95.
455 4266 482 4331 t,
502 4267 544 4318 72.
566 4266 626 4321 130.
649 4266 674 4329 5,
688 4264 733 4317 42.
753 4264 780 4327 9,
789 4264 832 4315 27.
851 4262 980 4314 ludicatur
1000 4264 1152 4329 Septimum
1170 4256 1226 4314 red

189 4365 261 4417 Μ.
282 4363 398 4431 temdus
414 4363 533 4432 inteprir]
555 4362 661 4415 Sincera
682 4359 778 4427 gaudia
801 4357 961 4410 abundanter
979 4375 1012 4411 ex
1030 4359 1101 4411 laeto
1120 4367 1227 4408 naturae

122 4450 208 4487 rerum
227 4441 378 4502 conspeetu
395 4440 422 4484 et
439 4448 489 4483 mu
506 4431 678 4500 percipienda
700 4444 753 4480 non
774 4431 832 4480 eine
853 4437 908 4480 arte
927 4430 959 4480 ad
977 4432 1061 4497 ipram
1077 4429 1227 4480 referuntur

123 4506 236 4571 luaam3
263 4520 325 4557 nrm
355 4519 415 4556 cunr
433 4502 531 4556 liuram
550 4502 627 4555 llorer
645 4510 672 4554 et
690 4514 814 4575 eoronam
832 4508 938 4552 nectere
958 4500 1151 4561 vendemiae,
1177 4497 1228 4549 lroe
