3117 5042
423 412 515 509 nin.
538 447 575 510 ιι.
619 445 730 511 snr.
752 448 804 510 m.
829 449 878 512 tv.
1126 452 1190 514 sor

185 627 389 710 Pythagoran
408 614 563 712 Anytique
586 632 671 713 reuss
692 628 872 715 doctumque
890 631 1034 698 Platona.
1133 603 1138 613 ⁸

189 737 349 801 Peccatum
370 739 490 816 lemur,
517 756 585 801 urm
604 744 636 803 te
653 739 706 802 sie·
722 745 859 821 tempore
879 741 971 804 laevo

149 863 163 905 s
183 844 429 927 interpellatum
449 846 503 909 sed
525 846 581 909 des
601 846 723 911 vesum
744 847 843 912 bouus
864 866 930 916 ore.

186 954 303 1030 Quodsi
323 954 513 1019 interciderit
534 955 591 1019 tibi
608 974 689 1019 nune
710 957 846 1040 aliquid,
867 950 988 1040 repetes
1007 976 1095 1033 mox,

184 1062 262 1126 Sive
283 1069 331 1125 est
350 1070 481 1127 naturae
502 1050 560 1126 lroe
580 1063 648 1128 sire
670 1067 771 1145 artis,
791 1066 886 1129 mnus
909 1060 1047 1148 mmpnn

187 1170 266 1263 Quin
287 1172 319 1234 id
340 1180 409 1235 crat
432 1191 541 1250 curae,
562 1192 622 1255 quo
643 1181 735 1256 paeto
755 1180 865 1237 amma
883 1162 1030 1251 tenerem,
1092 1228 1095 1235 ,

190 1279 302 1361 Utpote
323 1294 376 1342 res
398 1287 504 1343 tenues
525 1282 609 1345 teum
627 1300 770 1347 menone
790 1278 942 1363 peractas
1036 1320 1043 1339 κ
1124 1272 1126 1277 ’

137 1403 167 1444 m
190 1386 256 1449 lide
276 1387 406 1451 bominis
429 1407 556 1471 nomeu,
578 1390 668 1459 simul
691 1397 723 1452 et
743 1391 901 1454 uonsms
920 1409 962 1455 an
980 1391 1101 1473 hospes.

188 1496 259 1576 lpsa
282 1506 399 1560 memor
417 1503 582 1580 praecepta
604 1517 732 1577 cauam,
754 1499 907 1562 celabitur
927 1505 1044 1563 auctor.

189 1604 301 1685 Longa
324 1605 433 1687 quibus
452 1606 552 1670 lanies
568 1606 636 1671 evis
657 1606 734 1687 orit,
752 1606 812 1670 illa
830 1600 997 1687 memento,

109 1775 135 1817 et
161 1767 283 1819 inauditis
313 1752 497 1832 venditentur,
523 1768 648 1837 pleraque
666 1769 782 1840 vulgaria
801 1784 860 1822 esse
879 1778 906 1821 et
923 1769 1040 1822 omnibus
1058 1778 1128 1835 uota,
1146 1770 1199 1821 alia

106 1852 138 1888 es
159 1837 264 1889 arbitrio
288 1847 315 1891 et
345 1840 453 1891 libidine
468 1840 642 1908 ,singulorum
669 1841 801 1893 bominum
826 1840 994 1910 penderent
1016 1843 1197 1892 commenticia

107 1924 174 1960 esse.
224 1910 310 1974 Quare
330 1913 353 1963 si
373 1915 431 1979 quis
450 1913 476 1961 ln
494 1911 622 1979 gustando
649 1914 774 1980 prinecps
806 1913 884 1965 bodie
910 1915 976 1965 inter
1003 1911 1086 1965 lautas
1106 1912 1198 1980 epulas
1249 1974 1251 1981 p

107 1979 231 2034 edixisset
247 1990 383 2049 pratenses
401 1983 494 2049 fungos
514 1984 607 2034 ceteris
625 1983 747 2036 meliores
767 2000 827 2035 esse
845 1988 871 2035 bt
888 1982 988 2035 caulem
998 1985 1024 2034 in
1038 1984 1114 2034 siccis
1127 1986 1197 2050 agris

107 2060 193 2104 nomm
211 2052 360 2104 suburbano
378 2053 520 2106 dulciorem
538 2054 587 2118 (cf.
605 2068 649 2106 vv.
671 2057 703 2107 15
722 2064 750 2106 et
767 2056 816 2124 20)
839 2055 881 2106 vel
900 2068 993 2123 panem
1012 2056 1113 2121 nigram
1131 2056 1198 2106 inter

108 2120 293 2175 delicatissima
312 2124 422 2191 cupedia
442 2125 625 2177 numerandum
644 2141 721 2189 esse,
741 2140 833 2178 omnes
854 2126 943 2178 barum
961 2142 1047 2178 rerum
1066 2126 1196 2177 studiosos

107 2192 156 2245 boc
175 2197 212 2245 ita
229 2211 320 2248 venam
339 2208 397 2246 esse
416 2197 538 2254 continuo
558 2203 663 2262 gustare
691 2199 809 2265 quamvis
836 2197 994 2249 reclamante
1022 2195 1116 2263 palato.
1165 2196 1199 2247 Et

107 2273 191 2316 tamen
213 2265 279 2317 banc
296 2265 460 2334 disciplinam
480 2275 531 2318 tem
551 2266 685 2334 vulgarem
705 2275 810 2336 tamque
830 2269 989 2321 arbitrariam
1008 2266 1056 2318 sub
1071 2266 1198 2318 eiusmodi

108 2336 254 2394 bominibus
264 2353 352 2388 veram
363 2345 443 2389 artem
453 2337 544 2389 beatae
558 2339 628 2389 vitae
637 2338 689 2389 diei
698 2346 822 2407 tantaque
832 2339 1062 2408 diligentia‘doceri
1073 2353 1104 2389 ac
1124 2337 1197 2402 disci,

107 2410 178 2476 qnasi
199 2407 266 2459 nibil
283 2408 553 2476 rerumhumanarum
570 2411 675 2477 marius
695 2418 740 2460 aut
754 2409 886 2473 difficilius
904 2412 961 2462 sit.‘⁴
998 2409 1098 2460 Catium
1109 2417 1195 2460 autem

107 2481 215 2546 sumpsit
234 2480 355 2549 lloratius
375 2495 408 2531 ex
427 2479 559 2543 Ciceronis
573 2478 690 2557 epistolis
708 2479 740 2531 ad
754 2480 950 2545 Fam.xtt,16;
969 2482 995 2532 in
1015 2494 1065 2547 qna
1083 2479 1195 2546 epistola

108 2562 173 2602 suno
193 2550 252 2603 lere
272 2551 324 2604 too
342 2548 436 2618 scriptu
454 2550 520 2603 corti
537 2551 657 2614 lucubri,
674 2551 795 2618 Epicurei
814 2551 981 2620 philosophi,
1010 2565 1109 2617 nupera
1126 2566 1196 2601 mors

108 2630 271 2675 nemorum.
316 2622 386 2674 ldem
411 2620 516 2689 saepius
541 2623 637 2683 lactum
661 2623 693 2672 ab
712 2623 819 2675 lloratio
838 2622 970 2675 Trebatius
987 2622 1062 2674 Testa
1082 2621 1196 2675 osendit

109 2693 173 2747 ibat.
196 2693 230 2757 11,
253 2696 288 2757 l).
325 2690 357 2745 Et
374 2693 494 2745 conferas
514 2693 621 2758 Quintil.
642 2690 673 2755 lt,
693 2698 717 2757 l,
738 2694 806 2753 124:
835 2696 877 2759 „ln
898 2693 1032 2760 Epicureis
1052 2692 1117 2744 levis
1137 2694 1198 2760 qui-

108 2762 163 2815 dem
183 2764 230 2815 sed
249 2779 302 2815 uon
322 2763 476 2816 iniucundus
496 2773 580 2817 tamen
600 2773 690 2816 auctor
711 2774 751 2816 est
768 2765 881 2829 Catius,“
899 2780 975 2833 quem
986 2771 1106 2832 quattuor
1116 2763 1196 2815 libros

108 2833 139 2885 de
155 2851 243 2887 rernm
262 2843 352 2886 natura
374 2844 401 2887 ct
426 2835 576 2887 desummo
603 2835 672 2888 bono
699 2838 835 2903 scripsisse
863 2837 964 2887 tradunt
981 2834 1147 2886 scholiastae
1164 2834 1197 2887 ad

109 2904 161 2956 lul.
199 2907 319 2974 ignotum
339 2908 535 2974 praeceptorum
554 2916 686 2971 auctorem
705 2914 747 2972 (v,
761 2909 811 2961 ub.
831 2907 945 3030 {39qu)
972 2905 1017 2957 elii
1037 2904 1121 2972 ipsum
1141 2906 1197 2956 llo-

108 2979 198 3029 ratium
217 2979 281 3029 mua
301 2976 441 3047 suiipsius
460 2979 580 3029 irrisione
600 2985 708 3044 putant,
741 2977 785 3029 alii
813 2995 864 3031 nou
903 2979 995 3030 elicius
1010 2978 1196 3031 Maecenatem.

108 3048 201 3100 Verum
221 3052 383 3105 uvauetoris
403 3065 496 3100 nomen
515 3064 666 3100 eoncessum
685 3048 761 3100 nubis
778 3067 831 3103 nou
845 3059 884 3103 est
896 3049 1040 3116 explorare,
1060 3048 1110 3098 nisi
1131 3045 1198 3098 iorte

107 3120 137 3169 ab
156 3120 263 3171 Horatio
282 3120 367 3170 lictum
388 3128 518 3171 auctorem
538 3119 644 3171 credere
672 3129 805 3187 praestat,
831 3125 864 3173 ita
883 3123 983 3187 inipso
1006 3120 1119 3171 carmine
1139 3121 1198 3186 quis

107 3189 205 3242 dubitat
225 3193 288 3258 quin
309 3206 361 3259 non
381 3206 463 3258 pauca
493 3192 571 3241 insint
597 3208 665 3261 quae
684 3201 796 3244 nostram
820 3194 856 3244 rei
875 3191 1016 3245 culinariae
1037 3192 1199 3259 antiquorum

107 3264 243 3313 scientiam
262 3262 403 3330 effugant,
431 3271 568 3329 perspecta
594 3273 680 3315 autem
699 3266 827 3315 siessent
847 3265 976 3317 maiorem
987 3262 1062 3314 nobis
1081 3269 1199 3327 crearent

107 3347 137 3384 ex
156 3334 273 3385 camnine
292 3332 498 3384 delectationem.
545 3336 670 3401 Scriptum
688 3348 747 3384 esse
766 3335 833 3385 banc
852 3336 955 3386 satiram
974 3334 1063 3385 aliia.
1083 3336 1134 3386 722
1151 3332 1197 3384 elii

107 3417 128 3460 ι,
147 3405 200 3460 724
219 3407 374 3471 opinantur,
393 3406 471 3459 certls
490 3407 575 3456 causis
593 3419 645 3456 non
662 3404 749 3454 innisi.
1151 3400 1156 3407 “

174 3510 205 3561 V.
225 3510 252 3561 2.
269 3526 369 3577 ponere
387 3509 472 3583 sipara]
494 3510 562 3563 idem
580 3517 620 3559 est
639 3508 707 3576 quod
724 3510 881 3576 consignare
901 3506 1013 3569 litteris,
1034 3522 1066 3558 eo
1086 3508 1197 3558 fortasse

106 3578 274 3644 discrimine,
303 3588 331 3632 ut
356 3583 383 3632 in
411 3580 531 3648 ponendo
553 3580 627 3647 sigua
644 3577 721 3631 simul
744 3580 893 3639 insituotio
914 3578 1056 3637 firmitatis3
1084 3577 1109 3628 id
1130 3577 1199 3627 enim

106 3650 281 3717 prohibiturus
302 3660 342 3717 est
361 3651 448 3703 Catius
467 3668 500 3703 ue
520 3649 581 3719 quid
598 3649 646 3701 sibi
665 3650 775 3701 excidat.
813 3679 846 3690 -
881 3650 999 3718 mantnt]
1020 3649 1063 3699 Sic
1083 3646 1156 3699 multi
1174 3655 1201 3697 ct

107 3718 202 3792 antiqui
224 3722 343 3785 codiccs;
364 3731 444 3786 recte,
462 3738 520 3773 curn
538 3720 601 3773 nibil
620 3723 716 3773 certius
735 3723 770 3771 sit
790 3720 872 3771 Catio.
896 3717 1198 3781 Coniunctivoeinesnt,

106 3809 180 3860 quem
202 3810 237 3845 ex
255 3794 344 3860 paucis
364 3793 439 3845 codd.
460 3792 503 3843 alli
523 3801 685 3860 receperunt,
706 3791 825 3859 equidem
849 3788 960 3840 futurum
978 3792 1080 3840 siccent
1100 3804 1132 3840 ex
1149 3803 1199 3839 au-

108 3866 254 3931 tiquissimo
272 3864 369 3915 Codice
388 3863 494 3932 Cruquii
521 3872 549 3915 et
573 3880 625 3915 uno
644 3864 776 3919 Pulmanni
801 3859 959 3927 praeferrem
1005 3891 1037 3901 -
1073 3859 1202 3934 Anytique

110 3939 189 4005 mne]
212 3936 249 3990 ci.
268 3935 331 3987 Plat.
351 3936 428 4002 Apol.
448 3936 519 3987 Socr.
538 3950 562 4001 p.
583 3936 619 3987 23
637 3934 666 3986 E.
690 3966 724 3977 -
752 3942 863 4000 tempore
883 3931 969 4000 luceo]
987 3931 1043 3999 Sat.l
1057 3930 1091 3993 ll,
1112 3934 1136 3993 1,
1157 3928 1198 3982 18.

110 4034 143 4050 ·-·
184 4008 334 4075 cessantis]
367 4007 484 4073 „optima
506 4021 534 4057 es
554 4001 677 4059 memoria
697 4013 723 4056 et
741 4002 851 4055 naturali
870 4009 895 4053 et
916 4001 1067 4052 artificiali.“
1104 4001 1199 4053 coms.

112 4077 187 4143 Cup.
226 4079 315 4128 Artem
332 4079 487 4141 memoriae,
506 4085 534 4127 ut
552 4076 615 4127 dicit
632 4076 737 4141 Quintil.
758 4076 801 4137 lll,
822 4078 847 4138 2,
868 4076 920 4138 11,
937 4075 1033 4140 primus
1053 4064 1199 4124 ostendisse
1296 4116 1303 4130 ,

106 4146 200 4199 dieitur
217 4142 378 4200 Simonides
412 4148 473 4212 ·Qui
504 4155 558 4200 arte
580 4150 728 4199 memoriam
749 4146 917 4199 studuerunt·
932 4145 1055 4195 adiuvare
1082 4159 1113 4195 ea
1132 4157 1200 4211 quae

106 4224 197 4271 merit
215 4219 328 4271 tenenda·
348 4219 414 4270 lictis
435 4219 498 4271 locis
517 4227 544 4269 et
561 4220 719 4286 imaginibus
736 4219 859 4279 lixerunt3
877 4216 909 4268 de
924 4215 1017 4283 quibus
1032 4215 1139 4279 Quintil.
1154 4215 1199 4278 lll,

106 4290 131 4351 2,
152 4290 207 4342 21:
226 4290 373 4358 „Opusest
391 4302 454 4357 ergo
472 4290 536 4341 loeis
555 4306 621 4357 quae
641 4290 682 4342 vel
702 4290 833 4356 linguntur
852 4286 894 4339 vel
914 4280 1200 4353 'sumunturfimagini-

107 4359 155 4412 bus
172 4362 217 4412 vel
237 4356 382 4413 simulacris
403 4376 471 4429 qnae
489 4362 578 4429 utique
597 4361 717 4428 lingenda
728 4368 795 4411 sunt.
832 4360 960 4426 imagines
971 4367 1048 4408 noue
1065 4366 1125 4408 sunt
1138 4358 1199 4423 qul·
1245 4374 1250 4379 ·

106 4430 154 4485 bus
173 4448 205 4484 ea
223 4448 291 4501 qnae
309 4431 449 4483 ediscenda
466 4442 526 4483 sunt
545 4441 682 4495 dommus,
708 4439 752 4496 ut,
770 4429 899 4498 quomode
919 4431 1011 4480 Cicero
1028 4429 1111 4491 dicit,
1133 4427 1199 4493 lopis

107 4519 154 4569 pro
172 4520 243 4567 cera,
261 4502 406 4559 simulacris
425 4518 472 4569 pro
493 4503 584 4554 litteris
602 4511 726 4554 utamur.“
770 4502 844 4553 Ponit
863 4502 941 4569 igitur
960 4501 1079 4551 Horatius
1098 4498 1199 4550 Catium

106 4575 213 4643 singula
237 4584 376 4642 praecepta
396 4576 475 4627 certis
492 4576 542 4626 iam
562 4574 626 4626 loeis
645 4582 672 4626 et
689 4572 844 4642 imaginibus
858 4572 909 4623 lixa
928 4581 1033 4635 tenere;
1050 4570 1119 4640 quod
1136 4562 1198 4639 qui·
1284 4592 1302 4603 α
