3117 5042
432 415 531 486 otti.
554 416 591 480 tt.
637 405 813 483 brt-su.
835 419 858 481 t.
881 420 918 482 ιι.
1147 425 1208 486 arr

197 597 274 661 ltem
295 602 419 660 lentare
443 593 560 679 parler,
583 615 672 679 quam
695 599 778 661 uires
798 600 882 662 terre
903 608 1069 664 remeent„

129 719 179 768 tto
201 705 362 769 solutius
380 713 499 783 auoen,
521 707 616 768 stulte
634 723 725 794 quem
746 708 870 789 diligit,
893 715 995 791 urget,

197 815 366 897 Praecipue
386 833 453 877 eum
478 832 513 876 se
534 815 668 877 moreris
689 815 881 878 commendat
902 799 934 877 et
953 825 1042 880 arte:

197 923 396 986 biseeeotn
416 923 506 988 citius
526 923 720 1005 meminitque
741 924 886 987 libentius
906 924 982 986 lttut

198 1031 286 1107 Quod
311 1037 379 1113 qula
402 1029 542 1108 deridet,
564 1048 654 1112 quarn
674 1032 754 1113 quod
777 1032 892 1112 probat
912 1040 944 1094 et
964 1040 1140 1098 venentur.

197 1140 250 1202 Nil
271 1156 376 1201 moror
398 1138 531 1206 tilleium
550 1139 630 1220 qood
654 1157 703 1200 me
724 1147 855 1220 paret,
876 1159 914 1204 ae
937 1159 1035 1225 neque
1054 1145 1126 1204 licto

134 1261 182 1308 ota
203 1249 239 1308 ln
261 1248 348 1327 peina
369 1248 455 1309 vultu
478 1246 609 1328 proponi
633 1265 740 1308 cereus
761 1266 889 1330 usquam
979 1311 984 1318 .
1007 1285 1013 1292 -

197 1357 263 1417 Nee
279 1369 377 1434 prave
399 1356 491 1417 laetis
511 1355 654 1417 decorari
675 1355 816 1418 uersibus
834 1364 916 1437 opto,

199 1465 245 1525 Ne
269 1464 396 1525 rubeam
415 1463 522 1542 pingui
540 1463 677 1525 'donatus
701 1481 827 1527 munere
847 1472 879 1526 et
900 1483 961 1529 una
1022 1503 1025 1508 -
1051 1452 1059 1466 ’

125 1568 146 1577 ’
196 1569 272 1633 Cum
295 1571 447 1651 scriptore
470 1589 537 1636 neo
559 1589 654 1651 capsa
672 1579 837 1654 porrectus
858 1583 968 1655 aperta

190 1678 332 1744 belerar
355 1679 385 1740 ln
410 1680 509 1741 vienn
524 1655 715 1742 'vendentem
732 1681 803 1742 lbos
822 1688 853 1743 et
877 1682 1001 1745 odores
1090 1673 1092 1676 ’

132 1804 179 1849 nro
198 1786 240 1848 Et
262 1786 351 1868 piper
373 1793 404 1848 et
426 1773 570 1869 quidquid
593 1787 709 1850 ebonis
732 1787 874 1852 amicitur
894 1789 1015 1871 ineptis.

545 2074 765 2088 *tate—.—

520 2345 802 2462 Episto'la'll.

199 2538 305 2626 Flore,
329 2546 580 2629 tonoolrropne
598 2547 698 2610 tidelis
719 2547 816 2611 amice
838 2550 966 2630 Neroni,

198 2647 236 2719 Si
258 2655 327 2740 quis
346 2656 428 2717 lorle
452 2654 528 2717 velit
548 2647 673 2735 puerum
694 2655 750 2718 tibi
770 2657 905 2719 vendere
926 2665 1029 2721 natum

112 2855 221 2926 27'sqq.
241 2885 278 2913 --·¹
292 2861 377 2928 turpet]
399 2856 466 2908 idem
486 2858 556 2925 quod
573 2869 669 2927 prount
686 2877 712 2911 v.
728 2860 794 2912 ¹264.
816 2894 847 2904 -
869 2862 943 2913 discit
960 2863 1040 2936 enim]
1053 2865 1214 2932 ,imperitus

106 2931 246 2992 laudator,
275 2926 335 2998 dum
353 2931 460 2978 ninnium
481 2929 596 2980 studiose
616 2929 721 2994 laudat,
748 2933 831 2999 magis
850 2932 971 2984 vulnerat
989 2926 1015 2984 et
1033 2938 1120 2987 atterit
1137 2941 1213 2998 amici

113 3002 246 3071 gloriam,
267 3000 289 3049 si
308 2998 381 3050 malis
402 2998 522 3050 versibus
541 3001 567 3051 id
587 3009 661 3066 agat,
680 3018 755 3070 quam
773 3003 950 3065 comorendat3
971 3007 1046 3056 citius
1066 3009 1134 3058 eninr
1154 3014 1212 3078 qnia

112 3074 242 3124 memoria
270 3069 451 3137 complectitur
475 3071 543 3137 quod
567 3071 703 3123 ridiculum
725 3080 765 3123 est
793 3089 868 3140 quam
893 3073 961 3142 quod
982 3084 1022 3126 est
1045 3077 1214 3135 admiratione

114 3143 250 3211 dignum
273 3142 366 3192 Coum.
388 3141 465 3208 Grues.
487 3172 519 3183 -
538 3140 577 3200 nil
593 3148 692 3214 moror]
713 3143 801 3212 „Ego„
814 3145 898 3212 inquit
917 3146 1046 3212 lloratiua,
1064 3151 1144 3202 nolim
1163 3153 1212 3214 de-

114 3215 203 3268 corari
225 3212 344 3279 turpibus
361 3210 491 3274 versibus,
509 3227 543 3262 ne
563 3215 653 3281 pingui
676 3216 692 3265 i.
710 3231 735 3266 e.
758 3214 853 3266 stolide
873 3221 1017 3284 composito
1039 3236 1145 3273 munere
1163 3225 1214 3276 do-

112 3295 193 3338 natus
213 3283 319 3334 rubeam
340 3292 366 3334 et
384 3298 442 3346 eum
459 3299 519 3333 roeo
536 3285 664 3352 scriptore
686 3286 710 3336 b.
730 3301 752 3337 e.
778 3284 916 3338 laudatore
931 3323 934 3326 -
947 3288 1049 3342 deferar
1078 3294 1104 3344 iu
1129 3297 1214 3347 vicora

114 3355 277 3409 vendentem
298 3353 356 3405 thur
378 3362 427 3404 oet.
438 3369 444 3414 ;
457 3352 543 3405 'inulto
558 3370 634 3420 porro
652 3360 736 3407 minus
754 3365 791 3421 tu,
812 3360 966 3427 orioguste,
984 3361 1009 3411 id
1029 3362 1128 3414 voles.“
1149 3367 1215 3418 Glo-

86 3488 90 3494 ⁴
113 3444 224 3480 recenter.
245 3454 278 3466 -
298 3424 398 3497 aereus]
419 3424 454 3476 ei.
473 3423 579 3486 Santi,
598 3426 625 3488 3,
647 3426 706 3478 183.
727 3458 758 3468 -
775 3436 922 3501 porrectus]
946 3435 1035 3499 ,quast
1055 3444 1171 3486 mortuos
1188 3440 1214 3486 in

114 3501 219 3551 leretro
237 3495 342 3547 deferar
359 3496 386 3545 in
406 3497 491 3545 vicum
510 3493 676 3546 tlrurarlum.“
699 3498 778 3548 Acro.
807 3531 841 3541 -
871 3507 974 3570 opertu]
994 3511 1114 3570 tanquam
1135 3506 1214 3556 eada-

113 3585 167 3624 νοτ
187 3566 324 3636 ignobile,
351 3564 421 3633 qood
447 3580 481 3616 ue
501 3567 602 3631 tegitur
628 3566 741 3632 quidem.
786 3569 815 3619 la
831 3570 921 3619 multis
937 3580 968 3621 et
986 3572 1061 3629 bonis
1081 3573 1154 3626 libris
1182 3592 1215 3627 ex

115 3640 253 3707 frequenti
269 3637 426 3688 contusione
441 3644 542 3704 operta,
559 3635 629 3703 quod
647 3636 741 3703 quibua
759 3637 860 3704 placet,
882 3640 914 3689 iis
931 3641 1069 3693 videndum
1089 3653 1129 3696 ert
1147 3647 1216 3698 male

115 3714 263 3774 laceratum
278 3724 312 3758 ao
333 3706 464 3758 foedatum
481 3706 610 3769 cadaver,
641 3706 709 3774 quod
728 3723 761 3758 oe
779 3709 870 3759 oculos
892 3714 1111 3776 praetereuntium
1130 3716 1217 3768 laedat

109 3782 228 3836 iniectis
247 3777 371 3846 ebrgulis
390 3779 493 3844 tegitur.
519 3776 609 3829 Altere
626 3784 711 3829 laureo
725 3777 809 3830 lectio
826 3781 909 3847 megia
923 3781 954 3831 ad
974 3781 1054 3834 libros
1066 3800 1216 3839 accommo-

115 3854 180 3906 data
201 3859 252 3913 eat,
272 3852 316 3917 qui
336 3851 361 3899 si
380 3848 440 3898 boni
453 3855 550 3900 essent
567 3855 644 3899 naute
662 3849 876 3916 contegebantur,
894 3852 915 3901 si
936 3851 1024 3917 viles,
1040 3859 1122 3921 aperti
1141 3859 1216 3910 luee-

116 3922 367 3990 baut—rotem]
388 3918 500 3969 vidend
522 3917 603 3985 Epist
623 3919 643 3983 1,
669 3921 709 3983 to,
729 3921 771 3973 20.
807 3953 842 3963 -
879 3923 980 3993 odores}
1002 3941 1044 3976 res
1063 3926 1216 3992 odoriferas,

117 4000 267 4062 ungunta.
307 4021 342 4032 -
363 3990 508 4056 Ἰιιιιὸιίᾳιιίιι]
530 3989 636 4041 blastinl.
656 3990 698 4056 Vl,
715 3991 765 4045 lib:
800 3992 897 4055 „Quam
914 3995 986 4044 multi
1006 3999 1089 4050 tineas
1108 4009 1217 4067 pascunt

115 4065 272 4130 blattasque
290 4061 411 4112 dtrerttt.
429 4059 464 4111 Et
482 4058 612 4111 redimunt
629 4061 679 4112 soli
699 4062 813 4113 camnine
831 4062 908 4114 docta
926 4068 1029 4132 coquit
1192 4093 1195 4102 ι

562 4180 735 4248 Epistola
755 4183 788 4234 ll.

211 4283 294 4335 lulius
314 4282 407 4334 Florus
429 4282 531 4336 liberio
550 4284 648 4337 Neroni
666 4294 695 4337 ut
713 4288 740 4337 io
759 4287 908 4340 Mmeniam
926 4290 1100 4355 proficiscenti
1122 4292 1218 4361 (Epist.

114 4358 138 4422 l,
160 4357 194 4425 3)
213 4357 250 4405 ita
269 4353 461 4420 expeditionem
479 4356 505 4405 in
525 4355 701 4414 Dolmnmraet
721 4358 866 4411 Pannonios
887 4375 910 4410 a.
931 4360 983 4413 74³
1007 4361 1111 4414 lactenti
1131 4380 1218 4418 comes

115 4428 206 4479 luisse
224 4426 335 4478 uidetur,
363 4424 495 4478 ‘Nimirum
514 4426 645 4494 diversunt
663 4428 737 4479 huius
759 4430 886 4495 epistolae
905 4439 1082 4498 lempusesta
1103 4442 1219 4502 ternpore

114 4500 216 4551 tertia
237 4495 297 4548 libri
315 4497 404 4563 priori3
433 4511 492 4548 ιιιιιι
511 4498 588 4554 aliter
607 4514 654 4551 cur
672 4508 750 4565 poeta
767 4503 902 4568 egregiam
923 4502 989 4553 banc
1009 4505 1145 4571 epistolam
1167 4523 1218 4560 uon
