3117 5042
716 345 995 413 GAltlllllllllll

461 556 489 599 cs
507 536 565 613 Qui
587 543 702 598 terram
721 534 869 611 inertem,
891 531 1048 613 qui-mare
1069 535 1222 610 temperat

510 647 679 709 ventosum
699 647 731 704 et
749 641 844 703 urhes
866 656 1024 721 regnaque
1046 639 1152 703 tristia

555 752 712 833 Divosque
728 749 937 830 mortalesque
958 747 1066 809 turhas

594 857 726 938 lmperio
745 856 830 938 regit
852 873 930 917 usus
950 870 1060 936 aequo.

514 992 663 1073 lllagnum
683 990 741 1054 illa
760 995 911 1051 terrorem
930 987 1080 1060 intulerat
1102 985 1171 1048 lovi

462 1098 622 1163 aolidem
644 1098 785 1161 iuventus
808 1095 936 1162 horrida
958 1092 1095 1156 hrachiis
1125 1113 1130 1121 ·

554 1208 741 1288 l‘ratrosque
762 1205 922 1272 tendentes
942 1221 1042 1285 opaco

556 1397 558 1400 Ι
597 1314 704 1376 Pelion
726 1310 908 1394 imposuisse
934 1311 1074 1390 olympo.
1119 1353 1121 1356 ψ

515 1446 577 1511 Sed
598 1445 668 1528 quid
689 1443 856 1526 Typhoeus
876 1449 908 1505 et
928 1441 1052 1504 validus
1071 1440 1200 1516 Mimas,

524 1556 586 1616 Aut
606 1553 676 1634 quid
703 1550 818 1615 minaci
837 1549 1031 1632 Porphyrion
1052 1556 1152 1624 statu,

467 1682 495 1722 ss
558 1661 636 1739 Quid
656 1660 794 1724 Rhoetus
815 1657 991 1740 evulsisque
1015 1653 1132 1718 truncis
1149 1733 1153 1740 ¹

603 1767 779 1831 Enceladus
800 1767 953 1830 iaculator
974 1762 1081 1846 audax

517 1903 635 1965 Contra
654 1906 815 1963 sonantem
829 1896 967 1960 Palladis
986 1893 1101 1976 aegida

519 2010 648 2070 Possent
668 2008 817 2070 ruentest
855 2005 936 2090 *ilinc
956 2002 1066 2066 avidus
1086 2000 1172 2063 stetit
1266 2030 1268 2033 ·

561 2115 732 2192 Vulcanus,
753 2113 826 2178 hinc
845 2119 989 2177 matrona
1012 2113 1087 2173 luno
1111 2117 1143 2170 et

464 2238 495 2285 oo
599 2224 758 2305 Nunquam
779 2221 913 2285 humeris
934 2219 1089 2302 positurus
1110 2235 1237 2292 arcum,

520 2355 580 2431 Qui
601 2372 673 2416 rore
689 2367 766 2437 puro
787 2354 946 2417 Castaliae
969 2352 1048 2414 lavit

520 2463 630 2527 Crines
651 2460 790 2542 solutos,
812 2461 863 2545 qui
884 2460 998 2537 Lyciae
1020 2464 1105 2522 tenet
1147 2469 1150 2474 ’

564 2572 695 2634 llumela
713 2568 907 2651 natalemque
931 2568 1063 2646 siluam,

606 2677 713 2740 [telius
735 2683 766 2739 et
788 2679 939 2741 Patareus
961 2674 1087 2757 Apollo.

469 2823 499 2872 ns
520 2812 575 2873 Vis
593 2810 702 2873 consili
725 2827 837 2892 expers
857 2794 939 2872 mole
958 2809 1021 2871 ruit
1040 2827 1114 2871 sua:

396 2946 426 2996 V.
448 2944 491 2996 45.
518 2947 635 3017 inertem}
665 2943 749 2996 Germ.
769 2944 792 3008 1,
811 2944 855 3008 at,
872 2944 898 2996 9.
940 2942 1017 2995 Grato
1036 2944 1178 2995 ceramina
1196 2945 1265 2993 inter
1284 2958 1314 2993 se
1334 2957 1427 3008 oppo-

326 3022 422 3065 nuntur
437 3016 577 3067 immobilis
596 3024 663 3067 terra
681 3024 708 3067 et
725 3014 853 3067 turbidum
873 3031 965 3078 mare,
993 3015 1088 3067 deinde
1114 3022 1182 3066 terra
1212 3014 1245 3064 ah
1273 3012 1427 3063 hominihus

326 3084 425 3136 inculta
443 3086 543 3205 qartus)
562 3094 589 3137 et
614 3088 700 3138 inanis
720 3085 818 3150 Orcus,
843 3093 895 3135 tum
925 3086 993 3136 beati
1021 3087 1157 3152 quietique
1180 3084 1214 3138 dii
1241 3092 1269 3135 et
1287 3083 1427 3134 discordes

328 3170 432 3220 semper
467 3158 580 3217 ominem
608 3155 700 3208 iisdem
719 3165 805 3208 autem
826 3155 941 3222 partibus
959 3155 1054 3223 triplex
1074 3156 1211 3222 imperium
1230 3154 1427 3216 louisdeseri-

327 3224 404 3275 bitur.
425 3256 463 3280 -,
474 3227 556 3292 fidens
575 3227 695 3300 mochin]
712 3227 867 3279 Necessario
884 3227 949 3278 haec
962 3230 1171 3293 coniunguntur3
1189 3228 1216 3277 i'n
1226 3225 1342 3277 brachiis
1357 3227 1426 3276 enim

329 3309 466 3361 corporum
484 3296 561 3347 robur
582 3298 658 3362 inest,
674 3314 726 3365 quo
744 3306 834 3349 contra
854 3297 924 3350 lovis
944 3308 1056 3350 mentem
1076 3312 1194 3365 pugnare
1211 3297 1352 3348 audebant.
1375 3299 1428 3348 Po·

330 3374 434 3417 tuernut
450 3368 467 3417 ii
489 3367 592 3434 quidem
610 3368 766 3436 aliquamdiu
786 3376 909 3420 terrorem
928 3371 1045 3421 incutere
1063 3369 1209 3437 (horrido),
1228 3367 1274 3420 sed
1295 3368 1372 3419 nihil
1387 3367 1429 3418 el-

328 3436 409 3487 licero
426 3437 495 3560 quod
516 3446 642 3490 maneret:
672 3441 715 3491 Sic
735 3438 876 3490 cohaerent
891 3455 934 3498 viv.
948 3440 1063 3493 49-58.
1082 3473 1117 3483 -
1137 3443 1298 3509 fratresque]
1320 3438 1428 3490 vidend

330 3506 414 3559 Germ.
448 3511 500 3573 ‚3,
520 3509 558 3561 19.
581 3509 746 3574 intelligendi
766 3518 828 3560 snut
844 3509 935 3562 iratres
952 3510 1071 3572 Aloidae,
1088 3510 1152 3566 Otus
1174 3519 1201 3562 et
1217 3509 1359 3576 Ephialtes
1395 3510 1428 3561 cl.

330 3579 402 3644 Virg.
420 3579 514 3647 Georg.
536 3581 624 3644 l,280.
644 3580 930 3648 Ovid.lletl‚thlsqq
957 3615 993 3624 -
1016 3576 1157 3649 Typhoeus]
1184 3584 1332 3649 anmsdc·
1356 3581 1429 3646 virg.

329 3651 396 3702 Aen.
418 3651 462 3715 lx,
482 3652 541 3704 713.
571 3650 646 3702 llvid.
668 3652 727 3704 llct.
747 3652 777 3713 V,
798 3653 898 3718 httsq.
916 3651 961 3715 ill,
979 3653 1039 3705 303.
1067 3685 1103 3696 -
1130 3652 1236 3724 Mimos]
1256 3652 1336 3704 modo
1358 3651 1430 3703 Cen-

331 3729 440 3784 laurus,
465 3722 541 3773 modo
560 3721 647 3788 Gigas.
693 3721 813 3772 lloratius
831 3722 853 3772 si
874 3721 979 3773 traditas
997 3739 1012 3773 e
1031 3723 1136 3775 Graecis
1156 3724 1260 3775 laholas
1278 3739 1333 3774 non
1354 3725 1431 3774 anxia

332 3799 436 3843 secutus
457 3802 508 3852 est,
525 3808 576 3843 non
596 3802 636 3844 est
655 3792 852 3858 vituperandum
870 3792 896 3843 id
915 3796 984 3845 enirn
1004 3803 1109 3845 secutus
1129 3803 1177 3858 est,
1198 3795 1432 3846 utimmaniacor-

331 3876 395 3927 pora
414 3863 524 3915 consilio
544 3865 657 3915 carentia
672 3870 813 3931 contraque
830 3864 923 3915 meotis
934 3865 1038 3916 divinae
1055 3867 1192 3931 imperinm
1206 3868 1355 3933 pugilantia
1365 3881 1429 3916 eon-

330 3933 458 3998 innqeret.
473 3967 508 3978 --
527 3934 699 4003 Porphyrion}
720 3929 853 4002 βασιλεὺς
871 3937 1068 4005 hydarum-
1089 3937 1203 3990 lilsoem
1235 3936 1269 3987 cl.
1290 3937 1381 3988 Carnu.
1402 3937 1431 3998 lt,

333 4000 435 4063 1223.
468 4039 502 4048 -
532 4005 694 4075 Enceladus]
714 4004 747 4054 ol.
766 4006 836 4070 Virg.
855 4007 921 4056 Aen.
941 4007 987 4069 111,
1007 4008 1068 4060 578.
1096 4040 1132 4051 -
1165 4008 1187 4058 Ρ
1243 4008 1295 4077 dis]
1317 4009 1341 4059 A
1362 4010 1430 4060 lovis

334 4079 407 4136 parto
425 4075 526 4126 stabant
543 4091 632 4126 omnes
649 4077 685 4126 dii
706 4075 840 4143 deaeque3
868 4093 900 4126 cx
921 4078 1015 4143 quibus
1045 4081 1210 4130 nominantur
1229 4080 1361 4146 sapientia
1385 4082 1431 4132 ldi-

332 4156 439 4221 nervae,
458 4145 575 4196 officiosa
593 4147 716 4198 sedulitas
737 4145 844 4197 Vulcani
861 4149 997 4216 (naidas),
1016 4151 1137 4200 maiestas
1157 4150 1280 4214 lunonis,
1299 4151 1432 4218 Apollinis

334 4215 470 4265 sinceritas
488 4221 515 4265 ot
531 4219 626 4267 veritas
636 4257 645 4283 ,
671 4233 721 4283 qua
740 4216 865 4284 quidquid
883 4220 1010 4284 impurum
1027 4229 1054 4272 et
1071 4220 1217 4287 improbum
1237 4231 1280 4272 cst
1298 4223 1432 4275 indelessa

335 4283 485 4334 fortitudine
511 4286 632 4338 adoritur.
678 4288 747 4351 Quos
776 4287 883 4339 deorum
906 4289 1043 4341 facultates
1069 4301 1146 4358 pocta
1170 4308 1228 4343 ram
1256 4294 1430 4359 epithetorum

336 4351 463 4434 breuitate
493 4355 623 4408 indicavit.
659 4393 694 4404 -
737 4359 881 4428 Castaliae]
921 4361 1052 4427 limpidus
1082 4363 1140 4413 lons
1170 4372 1210 4413 est
1236 4366 1263 4414 in
1284 4365 1348 4432 ingo
1370 4365 1431 4416 l’ar-

339 4438 409 4487 nasi,
434 4424 549 4493 Apollini
576 4442 658 4506 sacer.
690 4463 724 4472 .-
755 4429 830 4502 laod]
864 4431 924 4484 vide
954 4431 987 4483 ad
1015 4433 1099 4486 Carm.
1120 4435 1153 4499 ll,
1171 4434 1198 4500 3,
1217 4424 1273 4489 18(
1298 4471 1334 4481 -
1370 4436 1432 4489 stote
