<?xml version="1.0" encoding="UTF-8"?>
<!DOCTYPE html PUBLIC "-//W3C//DTD XHTML 1.0 Transitional//EN"
    "http://www.w3.org/TR/xhtml1/DTD/xhtml1-transitional.dtd">
<html xmlns="http://www.w3.org/1999/xhtml" xml:lang="en" lang="en">
 <head>
  <title>
</title>
<meta http-equiv="Content-Type" content="text/html;charset=utf-8" />
  <meta name='ocr-system' content='tesseract 3.04.00' />
  <meta name='ocr-capabilities' content='ocr_page ocr_carea ocr_par ocr_line ocrx_word'/>
</head>
<body>
  <div class='ocr_page' id='page_1' title='image "./operaomnia00dillgoog_0134.png"; bbox 0 0 3117 5042; ppageno 0'>
   <div class='ocr_carea' id='block_1_1' title="bbox 325 367 1004 459">
    <p class='ocr_par' dir='ltr' id='par_1_1' title="bbox 325 367 1004 459">
     <span class='ocr_line' id='line_1_1' title="bbox 325 367 1004 459; baseline 0.001 -1"><span class='ocrx_word' id='word_1_1' title='bbox 325 367 387 458; x_wconf 81' lang='lat' dir='ltr'><strong>rr&#39;r</strong></span> <span class='ocrx_word' id='word_1_2' title='bbox 735 391 1004 459; x_wconf 73' lang='lat' dir='ltr'><strong>conminuit</strong></span> 
     </span>
    </p>
   </div>
   <div class='ocr_carea' id='block_1_2' title="bbox 525 569 1102 764">
    <p class='ocr_par' dir='ltr' id='par_1_2' title="bbox 525 569 1102 764">
     <span class='ocr_line' id='line_1_2' title="bbox 525 569 1102 654; baseline 0.003 -20"><span class='ocrx_word' id='word_1_3' title='bbox 525 569 636 634; x_wconf 81' lang='lat' dir='ltr'><strong>Debita</strong></span> <span class='ocrx_word' id='word_1_4' title='bbox 657 588 790 654; x_wconf 71' lang='lat' dir='ltr'><strong>sparges</strong></span> <span class='ocrx_word' id='word_1_5' title='bbox 810 571 939 635; x_wconf 76' lang='lat' dir='ltr'><strong>luerim</strong></span> <span class='ocrx_word' id='word_1_6' title='bbox 960 569 1102 636; x_wconf 78' lang='lat' dir='ltr'><strong>favillam</strong></span> 
     </span>
     <span class='ocr_line' id='line_1_3' title="bbox 608 677 817 764; baseline -0.005 -22"><span class='ocrx_word' id='word_1_7' title='bbox 608 677 697 743; x_wconf 85' lang='lat' dir='ltr'><strong>Vatis</strong></span> <span class='ocrx_word' id='word_1_8' title='bbox 717 678 817 764; x_wconf 78' lang='lat' dir='ltr'><strong>amici.</strong></span> 
     </span>
    </p>
   </div>
   <div class='ocr_carea' id='block_1_3' title="bbox 768 838 995 851">
    <p class='ocr_par' dir='ltr' id='par_1_3' title="bbox 768 838 995 851">
     <span class='ocr_line' id='line_1_4' title="bbox 768 838 995 851; baseline -0.009 -2"><span class='ocrx_word' id='word_1_9' title='bbox 768 838 995 851; x_wconf 53' lang='grc' dir='ltr'><em>Ἣ</em></span> 
     </span>
    </p>
   </div>
   <div class='ocr_carea' id='block_1_4' title="bbox 719 975 1017 1052">
    <p class='ocr_par' dir='ltr' id='par_1_4' title="bbox 719 975 1017 1052">
     <span class='ocr_line' id='line_1_5' title="bbox 719 975 1017 1052; baseline 0 -5"><span class='ocrx_word' id='word_1_10' title='bbox 719 975 915 1052; x_wconf 81' lang='lat' dir='ltr'><strong>Carmen</strong></span> <span class='ocrx_word' id='word_1_11' title='bbox 947 977 1017 1049; x_wconf 86' lang='lat' dir='ltr'><strong>vll.</strong></span> 
     </span>
    </p>
   </div>
   <div class='ocr_carea' id='block_1_5' title="bbox 520 1149 1140 1559">
    <p class='ocr_par' dir='ltr' id='par_1_5' title="bbox 520 1149 1140 1559">
     <span class='ocr_line' id='line_1_6' title="bbox 521 1149 1140 1232; baseline 0.003 -20"><span class='ocrx_word' id='word_1_12' title='bbox 521 1149 548 1212; x_wconf 83' lang='grc'><strong>0</strong></span> <span class='ocrx_word' id='word_1_13' title='bbox 569 1167 662 1232; x_wconf 88' lang='lat' dir='ltr'><strong>saepe</strong></span> <span class='ocrx_word' id='word_1_14' title='bbox 681 1167 797 1212; x_wconf 87' lang='lat' dir='ltr'><strong>meeum</strong></span> <span class='ocrx_word' id='word_1_15' title='bbox 811 1157 930 1232; x_wconf 86' lang='lat' dir='ltr'><strong>tempus</strong></span> <span class='ocrx_word' id='word_1_16' title='bbox 952 1150 985 1214; x_wconf 92' lang='lat' dir='ltr'><strong>in</strong></span> <span class='ocrx_word' id='word_1_17' title='bbox 1003 1150 1140 1214; x_wconf 85' lang='lat' dir='ltr'><strong>ultimum</strong></span> 
     </span>
     <span class='ocr_line' id='line_1_7' title="bbox 520 1258 1040 1336; baseline 0.002 -16"><span class='ocrx_word' id='word_1_18' title='bbox 520 1258 657 1322; x_wconf 79' lang='lat' dir='ltr'><strong>Deducta</strong></span> <span class='ocrx_word' id='word_1_19' title='bbox 677 1258 773 1321; x_wconf 85' lang='lat' dir='ltr'><strong>Brute</strong></span> <span class='ocrx_word' id='word_1_20' title='bbox 793 1259 922 1322; x_wconf 84' lang='lat' dir='ltr'><strong>militiae</strong></span> <span class='ocrx_word' id='word_1_21' title='bbox 945 1260 1040 1336; x_wconf 81' lang='lat' dir='ltr'><strong>duee,</strong></span> 
     </span>
     <span class='ocr_line' id='line_1_8' title="bbox 562 1367 1044 1445; baseline 0.002 -15"><span class='ocrx_word' id='word_1_22' title='bbox 562 1367 636 1445; x_wconf 79' lang='lat' dir='ltr'><strong>Quia</strong></span> <span class='ocrx_word' id='word_1_23' title='bbox 657 1372 689 1430; x_wconf 85' lang='lat' dir='ltr'><strong>te</strong></span> <span class='ocrx_word' id='word_1_24' title='bbox 709 1368 874 1431; x_wconf 70' lang='lat' dir='ltr'><strong>redonavit</strong></span> <span class='ocrx_word' id='word_1_25' title='bbox 895 1369 1044 1445; x_wconf 76' lang='lat' dir='ltr'><strong>Quiritem</strong></span> 
     </span>
     <span class='ocr_line' id='line_1_9' title="bbox 602 1476 1111 1559; baseline 0.012 -22"><span class='ocrx_word' id='word_1_26' title='bbox 602 1476 660 1539; x_wconf 82' lang='lat' dir='ltr'><strong>bis</strong></span> <span class='ocrx_word' id='word_1_27' title='bbox 680 1476 791 1557; x_wconf 84' lang='lat' dir='ltr'><strong>patriis</strong></span> <span class='ocrx_word' id='word_1_28' title='bbox 810 1477 950 1559; x_wconf 85' lang='lat' dir='ltr'><strong>ltaloque</strong></span> <span class='ocrx_word' id='word_1_29' title='bbox 973 1478 1081 1551; x_wconf 85' lang='lat' dir='ltr'><strong>coelo,</strong></span> <span class='ocrx_word' id='word_1_30' title='bbox 1108 1535 1111 1544; x_wconf 80' lang='grc'>,</span> 
     </span>
    </p>
   </div>
   <div class='ocr_carea' id='block_1_6' title="bbox 484 1608 1193 1799">
    <p class='ocr_par' dir='ltr' id='par_1_6' title="bbox 484 1608 1193 1799">
     <span class='ocr_line' id='line_1_10' title="bbox 484 1608 1114 1691; baseline 0.008 -23"><span class='ocrx_word' id='word_1_31' title='bbox 484 1625 499 1668; x_wconf 81' lang='lat' dir='ltr'><strong>s</strong></span> <span class='ocrx_word' id='word_1_32' title='bbox 521 1608 645 1690; x_wconf 84' lang='lat' dir='ltr'><strong>Pompei</strong></span> <span class='ocrx_word' id='word_1_33' title='bbox 667 1626 802 1673; x_wconf 84' lang='lat' dir='ltr'><strong>meorum</strong></span> <span class='ocrx_word' id='word_1_34' title='bbox 822 1611 920 1691; x_wconf 87' lang='lat' dir='ltr'><strong>prime</strong></span> <span class='ocrx_word' id='word_1_35' title='bbox 939 1610 1114 1673; x_wconf 66' lang='lat' dir='ltr'><strong>sodalium?</strong></span> 
     </span>
     <span class='ocr_line' id='line_1_11' title="bbox 522 1713 1193 1799; baseline 0.004 -21"><span class='ocrx_word' id='word_1_36' title='bbox 522 1713 599 1778; x_wconf 81' lang='lat' dir='ltr'><strong>Cum</strong></span> <span class='ocrx_word' id='word_1_37' title='bbox 619 1734 678 1799; x_wconf 84' lang='lat' dir='ltr'><strong>quo</strong></span> <span class='ocrx_word' id='word_1_38' title='bbox 698 1725 868 1780; x_wconf 80' lang='lat' dir='ltr'><strong>morantem</strong></span> <span class='ocrx_word' id='word_1_39' title='bbox 889 1736 983 1799; x_wconf 87' lang='lat' dir='ltr'><strong>saepe</strong></span> <span class='ocrx_word' id='word_1_40' title='bbox 1001 1718 1086 1781; x_wconf 89' lang='lat' dir='ltr'><strong>diem</strong></span> <span class='ocrx_word' id='word_1_41' title='bbox 1108 1736 1193 1782; x_wconf 90' lang='lat' dir='ltr'><strong>mero</strong></span> 
     </span>
    </p>
   </div>
   <div class='ocr_carea' id='block_1_7' title="bbox 241 1888 1417 2240">
    <p class='ocr_par' dir='ltr' id='par_1_7' title="bbox 241 1888 1417 2240">
     <span class='ocr_line' id='line_1_12' title="bbox 320 1888 1417 1975; baseline 0 -32"><span class='ocrx_word' id='word_1_42' title='bbox 320 1906 384 1959; x_wconf 79' lang='lat' dir='ltr'><strong>ager</strong></span> <span class='ocrx_word' id='word_1_43' title='bbox 402 1890 572 1954; x_wconf 81' lang='lat' dir='ltr'><strong>Tarentinus3</strong></span> <span class='ocrx_word' id='word_1_44' title='bbox 593 1889 815 1973; x_wconf 68' lang='lat' dir='ltr'><strong>oremAulonem</strong></span> <span class='ocrx_word' id='word_1_45' title='bbox 833 1897 947 1940; x_wconf 88' lang='lat' dir='ltr'><strong>montem</strong></span> <span class='ocrx_word' id='word_1_46' title='bbox 969 1888 1125 1972; x_wconf 76' lang='lat' dir='ltr'><strong>significant.</strong></span> <span class='ocrx_word' id='word_1_47' title='bbox 1161 1889 1204 1942; x_wconf 90' lang='lat' dir='ltr'><strong>Sic</strong></span> <span class='ocrx_word' id='word_1_48' title='bbox 1222 1891 1325 1942; x_wconf 72' lang='lat' dir='ltr'><strong>areval</strong></span> <span class='ocrx_word' id='word_1_49' title='bbox 1338 1908 1417 1975; x_wconf 72' lang='lat' dir='ltr'><strong>arces</strong></span> 
     </span>
     <span class='ocr_line' id='line_1_13' title="bbox 241 1958 1416 2106; baseline -0.001 -21"><span class='ocrx_word' id='word_1_50' title='bbox 241 2065 245 2074; x_wconf 90' lang='lat'>·</span> <span class='ocrx_word' id='word_1_51' title='bbox 319 1962 507 2106; x_wconf 45' lang='lat' dir='ltr'><strong>min&#39;iiieict</strong></span> <span class='ocrx_word' id='word_1_52' title='bbox 526 1959 625 2084; x_wconf 56' lang='lat' dir='ltr'><strong>{ialfisll</strong></span> <span class='ocrx_word' id='word_1_53' title='bbox 634 1960 885 2099; x_wconf 48' lang='lat' dir='ltr'><strong>:Vpbglphb&#39;ffiiul&#39;lp</strong></span> <span class='ocrx_word' id='word_1_54' title='bbox 898 1958 1185 2099; x_wconf 40' lang='lat' dir='ltr'><strong>iiiimnqffipggimi’</strong></span> <span class='ocrx_word' id='word_1_55' title='bbox 1197 1960 1416 2100; x_wconf 30' lang='lat' dir='ltr'><strong>&amp;iiiam-vm</strong></span> 
     </span>
     <span class='ocr_line' id='line_1_14' title="bbox 319 2100 1416 2170; baseline 0.001 -14"><span class='ocrx_word' id='word_1_56' title='bbox 319 2104 370 2156; x_wconf 91' lang='lat' dir='ltr'><strong>boe</strong></span> <span class='ocrx_word' id='word_1_57' title='bbox 383 2103 594 2156; x_wconf 82' lang='lat' dir='ltr'><strong>honorificentius</strong></span> <span class='ocrx_word' id='word_1_58' title='bbox 604 2111 645 2155; x_wconf 85' lang='lat' dir='ltr'><strong>est</strong></span> <span class='ocrx_word' id='word_1_59' title='bbox 662 2101 896 2170; x_wconf 87' lang='lat' dir='ltr'><strong>praeclarissimum</strong></span> <span class='ocrx_word' id='word_1_60' title='bbox 909 2114 1001 2166; x_wconf 82' lang='lat' dir='ltr'><strong>rotem,</strong></span> <span class='ocrx_word' id='word_1_61' title='bbox 1011 2100 1117 2153; x_wconf 77' lang='lat' dir='ltr'><strong>deducit</strong></span> <span class='ocrx_word' id='word_1_62' title='bbox 1128 2110 1172 2152; x_wconf 91' lang='lat' dir='ltr'><strong>aut</strong></span> <span class='ocrx_word' id='word_1_63' title='bbox 1183 2102 1277 2154; x_wconf 85' lang='lat' dir='ltr'><strong>salutat</strong></span> <span class='ocrx_word' id='word_1_64' title='bbox 1284 2103 1316 2153; x_wconf 61' lang='lat' dir='ltr'><strong>‘l‘</strong></span> <span class='ocrx_word' id='word_1_65' title='bbox 1333 2104 1416 2157; x_wconf 81' lang='lat' dir='ltr'><strong>Poeta</strong></span> 
     </span>
     <span class='ocr_line' id='line_1_15' title="bbox 320 2167 1280 2240; baseline -0.003 -13"><span class='ocrx_word' id='word_1_66' title='bbox 320 2175 418 2227; x_wconf 84' lang='lat' dir='ltr'><strong>artilex</strong></span> <span class='ocrx_word' id='word_1_67' title='bbox 436 2182 485 2240; x_wconf 84' lang='lat' dir='ltr'><strong>est,</strong></span> <span class='ocrx_word' id='word_1_68' title='bbox 504 2183 578 2226; x_wconf 82' lang='lat' dir='ltr'><strong>uates</strong></span> <span class='ocrx_word' id='word_1_69' title='bbox 595 2189 671 2226; x_wconf 86' lang='lat' dir='ltr'><strong>sacer</strong></span> <span class='ocrx_word' id='word_1_70' title='bbox 687 2182 714 2225; x_wconf 91' lang='lat' dir='ltr'><strong>et</strong></span> <span class='ocrx_word' id='word_1_71' title='bbox 731 2173 812 2226; x_wconf 80' lang='lat' dir='ltr'><strong>blesis</strong></span> <span class='ocrx_word' id='word_1_72' title='bbox 830 2174 937 2224; x_wconf 85' lang='lat' dir='ltr'><strong>amicus.</strong></span> <span class='ocrx_word' id='word_1_73' title='bbox 976 2173 1009 2224; x_wconf 87' lang='lat' dir='ltr'><strong>el.</strong></span> <span class='ocrx_word' id='word_1_74' title='bbox 1030 2175 1114 2225; x_wconf 82' lang='lat' dir='ltr'><strong>Carm.</strong></span> <span class='ocrx_word' id='word_1_75' title='bbox 1132 2167 1175 2239; x_wconf 85' lang='lat' dir='ltr'><strong>tv,</strong></span> <span class='ocrx_word' id='word_1_76' title='bbox 1190 2172 1216 2239; x_wconf 83' lang='lat' dir='ltr'><strong>o,</strong></span> <span class='ocrx_word' id='word_1_77' title='bbox 1235 2173 1280 2224; x_wconf 75' lang='lat'><strong>44.</strong></span> 
     </span>
    </p>
   </div>
   <div class='ocr_carea' id='block_1_8' title="bbox 746 2269 958 2344">
    <p class='ocr_par' dir='ltr' id='par_1_8' title="bbox 746 2269 958 2344">
     <span class='ocr_line' id='line_1_16' title="bbox 746 2269 958 2344; baseline 0 0"><span class='ocrx_word' id='word_1_78' title='bbox 746 2269 750 2275; x_wconf 78' lang='grc'><em>“</em></span> <span class='ocrx_word' id='word_1_79' title='bbox 776 2292 886 2344; x_wconf 65' lang='lat' dir='ltr'><strong>cumin</strong></span> <span class='ocrx_word' id='word_1_80' title='bbox 902 2292 958 2344; x_wconf 88' lang='lat' dir='ltr'><strong>vu.</strong></span> 
     </span>
    </p>
   </div>
   <div class='ocr_carea' id='block_1_9' title="bbox 318 2387 1417 3387">
    <p class='ocr_par' dir='ltr' id='par_1_9' title="bbox 318 2387 1417 3387">
     <span class='ocr_line' id='line_1_17' title="bbox 389 2387 1417 2468; baseline -0.002 -17"><span class='ocrx_word' id='word_1_81' title='bbox 389 2387 521 2468; x_wconf 78' lang='lat' dir='ltr'><strong>Pompeius</strong></span> <span class='ocrx_word' id='word_1_82' title='bbox 545 2397 648 2461; x_wconf 78' lang='lat' dir='ltr'><strong>Verrii,</strong></span> <span class='ocrx_word' id='word_1_83' title='bbox 678 2396 741 2448; x_wconf 88' lang='lat' dir='ltr'><strong>olim</strong></span> <span class='ocrx_word' id='word_1_84' title='bbox 761 2398 863 2449; x_wconf 77' lang='lat' dir='ltr'><strong>Horatii</strong></span> <span class='ocrx_word' id='word_1_85' title='bbox 881 2396 1040 2459; x_wconf 87' lang='lat' dir='ltr'><strong>commilito,</strong></span> <span class='ocrx_word' id='word_1_86' title='bbox 1067 2412 1178 2463; x_wconf 86' lang='lat' dir='ltr'><strong>quocum</strong></span> <span class='ocrx_word' id='word_1_87' title='bbox 1205 2397 1360 2448; x_wconf 84' lang='lat' dir='ltr'><strong>coniunctus</strong></span> <span class='ocrx_word' id='word_1_88' title='bbox 1388 2406 1417 2451; x_wconf 88' lang='lat' dir='ltr'><strong>et</strong></span> 
     </span>
     <span class='ocr_line' id='line_1_18' title="bbox 318 2467 1416 2535; baseline -0.003 -12"><span class='ocrx_word' id='word_1_89' title='bbox 318 2470 387 2524; x_wconf 86' lang='lat' dir='ltr'><strong>mala</strong></span> <span class='ocrx_word' id='word_1_90' title='bbox 404 2478 431 2522; x_wconf 92' lang='lat' dir='ltr'><strong>et</strong></span> <span class='ocrx_word' id='word_1_91' title='bbox 447 2470 515 2520; x_wconf 87' lang='lat' dir='ltr'><strong>bona</strong></span> <span class='ocrx_word' id='word_1_92' title='bbox 534 2468 843 2532; x_wconf 65' lang='lat' dir='ltr'><strong>commentationem,</strong></span> <span class='ocrx_word' id='word_1_93' title='bbox 862 2477 921 2535; x_wconf 88' lang='lat' dir='ltr'><strong>post</strong></span> <span class='ocrx_word' id='word_1_94' title='bbox 941 2467 1042 2518; x_wconf 83' lang='lat' dir='ltr'>cladem</span> <span class='ocrx_word' id='word_1_95' title='bbox 1060 2467 1256 2534; x_wconf 78' lang='lat' dir='ltr'><strong>Philippensem</strong></span> <span class='ocrx_word' id='word_1_96' title='bbox 1274 2467 1352 2520; x_wconf 87' lang='lat' dir='ltr'><strong>aliam</strong></span> <span class='ocrx_word' id='word_1_97' title='bbox 1371 2478 1416 2522; x_wconf 86' lang='lat' dir='ltr'><strong>at-</strong></span> 
     </span>
     <span class='ocr_line' id='line_1_19' title="bbox 319 2538 1417 2610; baseline 0 -17"><span class='ocrx_word' id='word_1_98' title='bbox 319 2557 370 2610; x_wconf 88' lang='lat' dir='ltr'><strong>que</strong></span> <span class='ocrx_word' id='word_1_99' title='bbox 395 2556 452 2593; x_wconf 87' lang='lat' dir='ltr'><strong>eam</strong></span> <span class='ocrx_word' id='word_1_100' title='bbox 469 2556 545 2608; x_wconf 85' lang='lat' dir='ltr'><strong>quam</strong></span> <span class='ocrx_word' id='word_1_101' title='bbox 563 2538 683 2591; x_wconf 72' lang='lat' dir='ltr'><strong>Horatius</strong></span> <span class='ocrx_word' id='word_1_102' title='bbox 702 2541 813 2591; x_wconf 85' lang='lat' dir='ltr'><strong>inivemt</strong></span> <span class='ocrx_word' id='word_1_103' title='bbox 831 2540 898 2590; x_wconf 72' lang='lat' dir='ltr'><strong>uam</strong></span> <span class='ocrx_word' id='word_1_104' title='bbox 917 2541 1051 2605; x_wconf 79' lang='lat' dir='ltr'><strong>ingressus</strong></span> <span class='ocrx_word' id='word_1_105' title='bbox 1069 2554 1127 2590; x_wconf 86' lang='lat' dir='ltr'><strong>cum</strong></span> <span class='ocrx_word' id='word_1_106' title='bbox 1143 2541 1223 2591; x_wconf 78' lang='lat' dir='ltr'><strong>Sexto</strong></span> <span class='ocrx_word' id='word_1_107' title='bbox 1234 2538 1367 2606; x_wconf 87' lang='lat' dir='ltr'><strong>Pompeio,</strong></span> <span class='ocrx_word' id='word_1_108' title='bbox 1386 2549 1417 2593; x_wconf 93' lang='lat' dir='ltr'><strong>ut</strong></span> 
     </span>
     <span class='ocr_line' id='line_1_20' title="bbox 318 2609 1417 2678; baseline 0 -14"><span class='ocrx_word' id='word_1_109' title='bbox 318 2614 375 2664; x_wconf 83' lang='lat' dir='ltr'><strong>veri</strong></span> <span class='ocrx_word' id='word_1_110' title='bbox 395 2610 480 2663; x_wconf 85' lang='lat' dir='ltr'><strong>simile</strong></span> <span class='ocrx_word' id='word_1_111' title='bbox 499 2618 558 2673; x_wconf 84' lang='lat' dir='ltr'><strong>est,</strong></span> <span class='ocrx_word' id='word_1_112' title='bbox 582 2609 680 2661; x_wconf 91' lang='lat' dir='ltr'><strong>bellum</strong></span> <span class='ocrx_word' id='word_1_113' title='bbox 700 2612 903 2662; x_wconf 84' lang='lat' dir='ltr'><strong>continuaverat.</strong></span> <span class='ocrx_word' id='word_1_114' title='bbox 940 2611 995 2661; x_wconf 87' lang='lat' dir='ltr'><strong>lloc</strong></span> <span class='ocrx_word' id='word_1_115' title='bbox 1013 2619 1113 2660; x_wconf 86' lang='lat' dir='ltr'><strong>mortuo</strong></span> <span class='ocrx_word' id='word_1_116' title='bbox 1132 2615 1167 2678; x_wconf 86' lang='lat' dir='ltr'><strong>(a.</strong></span> <span class='ocrx_word' id='word_1_117' title='bbox 1190 2610 1254 2677; x_wconf 81' lang='lat'><strong>719)</strong></span> <span class='ocrx_word' id='word_1_118' title='bbox 1272 2612 1417 2664; x_wconf 81' lang='lat' dir='ltr'><strong>Antonium</strong></span> 
     </span>
     <span class='ocr_line' id='line_1_21' title="bbox 319 2678 1416 2750; baseline 0 -16"><span class='ocrx_word' id='word_1_119' title='bbox 319 2684 406 2750; x_wconf 90' lang='lat' dir='ltr'><strong>potius</strong></span> <span class='ocrx_word' id='word_1_120' title='bbox 426 2696 501 2749; x_wconf 90' lang='lat' dir='ltr'><strong>quam</strong></span> <span class='ocrx_word' id='word_1_121' title='bbox 512 2680 680 2733; x_wconf 79' lang='lat' dir='ltr'><strong>Octavianum</strong></span> <span class='ocrx_word' id='word_1_122' title='bbox 698 2690 803 2732; x_wconf 88' lang='lat' dir='ltr'><strong>secutus</strong></span> <span class='ocrx_word' id='word_1_123' title='bbox 823 2683 914 2732; x_wconf 87' lang='lat' dir='ltr'><strong>iterum</strong></span> <span class='ocrx_word' id='word_1_124' title='bbox 933 2680 1067 2731; x_wconf 86' lang='lat' dir='ltr'><strong>adversam</strong></span> <span class='ocrx_word' id='word_1_125' title='bbox 1085 2678 1147 2731; x_wconf 88' lang='lat' dir='ltr'><strong>belli</strong></span> <span class='ocrx_word' id='word_1_126' title='bbox 1167 2681 1294 2732; x_wconf 79' lang='lat' dir='ltr'><strong>fortunam</strong></span> <span class='ocrx_word' id='word_1_127' title='bbox 1315 2698 1416 2750; x_wconf 85' lang='lat' dir='ltr'><strong>exper-</strong></span> 
     </span>
     <span class='ocr_line' id='line_1_22' title="bbox 319 2751 1414 2819; baseline -0.001 -14"><span class='ocrx_word' id='word_1_128' title='bbox 319 2763 360 2805; x_wconf 87' lang='lat' dir='ltr'><strong>tus</strong></span> <span class='ocrx_word' id='word_1_129' title='bbox 379 2769 438 2804; x_wconf 86' lang='lat' dir='ltr'><strong>esse</strong></span> <span class='ocrx_word' id='word_1_130' title='bbox 456 2751 567 2802; x_wconf 80' lang='lat' dir='ltr'><strong>videtur.</strong></span> <span class='ocrx_word' id='word_1_131' title='bbox 613 2752 675 2802; x_wconf 86' lang='lat' dir='ltr'><strong>&#39;lum</strong></span> <span class='ocrx_word' id='word_1_132' title='bbox 693 2751 795 2803; x_wconf 86' lang='lat' dir='ltr'><strong>demum</strong></span> <span class='ocrx_word' id='word_1_133' title='bbox 816 2753 945 2803; x_wconf 87' lang='lat' dir='ltr'><strong>nescimus</strong></span> <span class='ocrx_word' id='word_1_134' title='bbox 972 2767 1024 2819; x_wconf 89' lang='lat' dir='ltr'><strong>quo</strong></span> <span class='ocrx_word' id='word_1_135' title='bbox 1042 2751 1220 2803; x_wconf 86' lang='lat' dir='ltr'><strong>intercedente</strong></span> <span class='ocrx_word' id='word_1_136' title='bbox 1241 2751 1347 2804; x_wconf 80' lang='lat' dir='ltr'><strong>Romam</strong></span> <span class='ocrx_word' id='word_1_137' title='bbox 1368 2769 1414 2804; x_wconf 90' lang='lat' dir='ltr'><strong>re-</strong></span> 
     </span>
     <span class='ocr_line' id='line_1_23' title="bbox 318 2821 1417 2890; baseline -0.001 -13"><span class='ocrx_word' id='word_1_138' title='bbox 318 2839 410 2876; x_wconf 83' lang='lat' dir='ltr'><strong>versus</strong></span> <span class='ocrx_word' id='word_1_139' title='bbox 428 2821 605 2874; x_wconf 91' lang='lat' dir='ltr'><strong>dulcissimum</strong></span> <span class='ocrx_word' id='word_1_140' title='bbox 626 2822 736 2873; x_wconf 89' lang='lat' dir='ltr'><strong>amicum</strong></span> <span class='ocrx_word' id='word_1_141' title='bbox 753 2823 885 2873; x_wconf 83' lang='lat' dir='ltr'><strong>Horatium</strong></span> <span class='ocrx_word' id='word_1_142' title='bbox 904 2823 1068 2890; x_wconf 83' lang='lat' dir='ltr'><strong>recuperarit</strong></span> <span class='ocrx_word' id='word_1_143' title='bbox 1124 2822 1171 2873; x_wconf 91' lang='lat' dir='ltr'><strong>Hie</strong></span> <span class='ocrx_word' id='word_1_144' title='bbox 1194 2821 1266 2876; x_wconf 78' lang='lat' dir='ltr'><strong>felici</strong></span> <span class='ocrx_word' id='word_1_145' title='bbox 1284 2825 1323 2874; x_wconf 90' lang='lat' dir='ltr'><strong>rei</strong></span> <span class='ocrx_word' id='word_1_146' title='bbox 1342 2826 1417 2877; x_wconf 83' lang='lat' dir='ltr'><strong>exitu</strong></span> 
     </span>
     <span class='ocr_line' id='line_1_24' title="bbox 318 2892 1416 2960; baseline 0.001 -14"><span class='ocrx_word' id='word_1_147' title='bbox 318 2895 429 2948; x_wconf 87' lang='lat' dir='ltr'><strong>laetatus</strong></span> <span class='ocrx_word' id='word_1_148' title='bbox 453 2893 581 2944; x_wconf 77' lang='lat' dir='ltr'><strong>amicitiae</strong></span> <span class='ocrx_word' id='word_1_149' title='bbox 599 2894 751 2945; x_wconf 85' lang='lat' dir='ltr'><strong>tenerrimos</strong></span> <span class='ocrx_word' id='word_1_150' title='bbox 769 2909 862 2945; x_wconf 84' lang='lat' dir='ltr'><strong>sensus</strong></span> <span class='ocrx_word' id='word_1_151' title='bbox 883 2892 933 2945; x_wconf 89' lang='lat' dir='ltr'><strong>hoe</strong></span> <span class='ocrx_word' id='word_1_152' title='bbox 950 2895 1064 2944; x_wconf 88' lang='lat' dir='ltr'><strong>carmine</strong></span> <span class='ocrx_word' id='word_1_153' title='bbox 1077 2892 1169 2960; x_wconf 89' lang='lat' dir='ltr'><strong>prodit.</strong></span> <span class='ocrx_word' id='word_1_154' title='bbox 1205 2892 1290 2945; x_wconf 89' lang='lat' dir='ltr'><strong>Habet</strong></span> <span class='ocrx_word' id='word_1_155' title='bbox 1307 2911 1416 2948; x_wconf 85' lang='lat' dir='ltr'><strong>carmen</strong></span> 
     </span>
     <span class='ocr_line' id='line_1_25' title="bbox 318 2963 1415 3035; baseline 0.001 -17"><span class='ocrx_word' id='word_1_156' title='bbox 318 2963 576 3035; x_wconf 70' lang='lat' dir='ltr'><strong>repromittamus,</strong></span> <span class='ocrx_word' id='word_1_157' title='bbox 603 2979 635 3015; x_wconf 82' lang='lat' dir='ltr'><strong>ex</strong></span> <span class='ocrx_word' id='word_1_158' title='bbox 659 2964 752 3032; x_wconf 92' lang='lat' dir='ltr'><strong>quibus</strong></span> <span class='ocrx_word' id='word_1_159' title='bbox 774 2973 827 3016; x_wconf 89' lang='lat' dir='ltr'><strong>tres</strong></span> <span class='ocrx_word' id='word_1_160' title='bbox 846 2967 944 3033; x_wconf 83' lang='lat' dir='ltr'><strong>primae</strong></span> <span class='ocrx_word' id='word_1_161' title='bbox 969 2965 1109 3015; x_wconf 89' lang='lat' dir='ltr'><strong>amicorum</strong></span> <span class='ocrx_word' id='word_1_162' title='bbox 1136 2965 1272 3016; x_wconf 90' lang='lat' dir='ltr'><strong>incastris</strong></span> <span class='ocrx_word' id='word_1_163' title='bbox 1294 2974 1320 3016; x_wconf 84' lang='lat' dir='ltr'><strong>et</strong></span> <span class='ocrx_word' id='word_1_164' title='bbox 1340 2964 1415 3019; x_wconf 91' lang='lat' dir='ltr'><strong>bello</strong></span> 
     </span>
     <span class='ocr_line' id='line_1_26' title="bbox 318 3034 1415 3102; baseline 0 -12"><span class='ocrx_word' id='word_1_165' title='bbox 318 3036 480 3090; x_wconf 86' lang='lat' dir='ltr'><strong>eoriiunetam</strong></span> <span class='ocrx_word' id='word_1_166' title='bbox 502 3036 581 3088; x_wconf 84' lang='lat' dir='ltr'><strong>vitani</strong></span> <span class='ocrx_word' id='word_1_167' title='bbox 600 3041 626 3086; x_wconf 89' lang='lat' dir='ltr'><strong>et</strong></span> <span class='ocrx_word' id='word_1_168' title='bbox 644 3034 770 3086; x_wconf 81' lang='lat' dir='ltr'><strong>torturam</strong></span> <span class='ocrx_word' id='word_1_169' title='bbox 785 3075 792 3095; x_wconf 86' lang='lat'><em>‚</em></span> <span class='ocrx_word' id='word_1_170' title='bbox 810 3034 897 3086; x_wconf 86' lang='lat' dir='ltr'><strong>media</strong></span> <span class='ocrx_word' id='word_1_171' title='bbox 917 3043 1006 3102; x_wconf 87' lang='lat' dir='ltr'><strong>quarta</strong></span> <span class='ocrx_word' id='word_1_172' title='bbox 1024 3043 1084 3100; x_wconf 89' lang='lat' dir='ltr'><strong>post</strong></span> <span class='ocrx_word' id='word_1_173' title='bbox 1104 3035 1203 3086; x_wconf 84' lang='lat' dir='ltr'><strong>cladem</strong></span> <span class='ocrx_word' id='word_1_174' title='bbox 1222 3036 1415 3090; x_wconf 88' lang='lat' dir='ltr'><strong>seiunctionem</strong></span> 
     </span>
     <span class='ocr_line' id='line_1_27' title="bbox 319 3104 1416 3173; baseline 0.002 -14"><span class='ocrx_word' id='word_1_175' title='bbox 319 3116 346 3160; x_wconf 89' lang='lat' dir='ltr'><strong>et</strong></span> <span class='ocrx_word' id='word_1_176' title='bbox 362 3108 466 3158; x_wconf 88' lang='lat' dir='ltr'><strong>diversa</strong></span> <span class='ocrx_word' id='word_1_177' title='bbox 485 3106 587 3168; x_wconf 87' lang='lat' dir='ltr'><strong>itinera,</strong></span> <span class='ocrx_word' id='word_1_178' title='bbox 603 3104 721 3173; x_wconf 87' lang='lat' dir='ltr'><strong>reliquae</strong></span> <span class='ocrx_word' id='word_1_179' title='bbox 740 3115 792 3158; x_wconf 84' lang='lat' dir='ltr'><strong>tres</strong></span> <span class='ocrx_word' id='word_1_180' title='bbox 811 3114 870 3172; x_wconf 88' lang='lat' dir='ltr'><strong>post</strong></span> <span class='ocrx_word' id='word_1_181' title='bbox 886 3106 1074 3157; x_wconf 86' lang='lat' dir='ltr'><strong>seiunctiouem</strong></span> <span class='ocrx_word' id='word_1_182' title='bbox 1084 3105 1189 3158; x_wconf 87' lang='lat' dir='ltr'><strong>alteram</strong></span> <span class='ocrx_word' id='word_1_183' title='bbox 1200 3107 1416 3161; x_wconf 86' lang='lat' dir='ltr'><strong>coniunctionem</strong></span> 
     </span>
     <span class='ocr_line' id='line_1_28' title="bbox 319 3175 1415 3245; baseline 0 -15"><span class='ocrx_word' id='word_1_184' title='bbox 319 3180 429 3245; x_wconf 88' lang='lat' dir='ltr'><strong>eiusque</strong></span> <span class='ocrx_word' id='word_1_185' title='bbox 449 3175 573 3226; x_wconf 77' lang='lat' dir='ltr'><strong>laetitiam</strong></span> <span class='ocrx_word' id='word_1_186' title='bbox 593 3176 655 3226; x_wconf 88' lang='lat' dir='ltr'><strong>mira</strong></span> <span class='ocrx_word' id='word_1_187' title='bbox 674 3184 728 3227; x_wconf 88' lang='lat' dir='ltr'><strong>arte</strong></span> <span class='ocrx_word' id='word_1_188' title='bbox 747 3185 772 3228; x_wconf 88' lang='lat' dir='ltr'><strong>et</strong></span> <span class='ocrx_word' id='word_1_189' title='bbox 799 3175 938 3227; x_wconf 85' lang='lat' dir='ltr'><strong>dulcedine</strong></span> <span class='ocrx_word' id='word_1_190' title='bbox 959 3175 1117 3230; x_wconf 86' lang='lat' dir='ltr'><strong>describunt.</strong></span> <span class='ocrx_word' id='word_1_191' title='bbox 1166 3178 1294 3243; x_wconf 85' lang='lat' dir='ltr'><strong>Scriptum</strong></span> <span class='ocrx_word' id='word_1_192' title='bbox 1324 3188 1415 3230; x_wconf 90' lang='lat' dir='ltr'><strong>autem</strong></span> 
     </span>
     <span class='ocr_line' id='line_1_29' title="bbox 319 3246 1417 3314; baseline 0 -12"><span class='ocrx_word' id='word_1_193' title='bbox 319 3258 429 3303; x_wconf 83' lang='lat' dir='ltr'><strong>estnon</strong></span> <span class='ocrx_word' id='word_1_194' title='bbox 449 3254 509 3297; x_wconf 89' lang='lat' dir='ltr'><strong>ante</strong></span> <span class='ocrx_word' id='word_1_195' title='bbox 529 3261 553 3295; x_wconf 88' lang='lat' dir='ltr'><strong>a.</strong></span> <span class='ocrx_word' id='word_1_196' title='bbox 575 3246 645 3310; x_wconf 77' lang='lat'><strong>724,</strong></span> <span class='ocrx_word' id='word_1_197' title='bbox 663 3247 783 3314; x_wconf 88' lang='lat' dir='ltr'><strong>quoniam</strong></span> <span class='ocrx_word' id='word_1_198' title='bbox 803 3256 829 3298; x_wconf 90' lang='lat' dir='ltr'><strong>et</strong></span> <span class='ocrx_word' id='word_1_199' title='bbox 847 3248 985 3313; x_wconf 85' lang='lat' dir='ltr'><strong>Pompeius</strong></span> <span class='ocrx_word' id='word_1_200' title='bbox 1007 3248 1085 3314; x_wconf 76' lang='lat' dir='ltr'><strong>leupo</strong></span> <span class='ocrx_word' id='word_1_201' title='bbox 1103 3247 1193 3297; x_wconf 87' lang='lat' dir='ltr'><strong>militia</strong></span> <span class='ocrx_word' id='word_1_202' title='bbox 1213 3248 1298 3299; x_wconf 83' lang='lat' dir='ltr'><strong>lessus</strong></span> <span class='ocrx_word' id='word_1_203' title='bbox 1319 3249 1417 3302; x_wconf 88' lang='lat' dir='ltr'><strong>dicitur</strong></span> 
     </span>
     <span class='ocr_line' id='line_1_30' title="bbox 319 3315 1358 3387; baseline -0.001 -16"><span class='ocrx_word' id='word_1_204' title='bbox 319 3328 347 3371; x_wconf 86' lang='lat' dir='ltr'><strong>et</strong></span> <span class='ocrx_word' id='word_1_205' title='bbox 364 3318 495 3370; x_wconf 88' lang='lat' dir='ltr'><strong>Horatium</strong></span> <span class='ocrx_word' id='word_1_206' title='bbox 514 3315 634 3369; x_wconf 88' lang='lat' dir='ltr'><strong>Sabinam</strong></span> <span class='ocrx_word' id='word_1_207' title='bbox 653 3316 741 3367; x_wconf 84' lang='lat' dir='ltr'><strong>villam</strong></span> <span class='ocrx_word' id='word_1_208' title='bbox 762 3323 792 3387; x_wconf 90' lang='lat' dir='ltr'><strong>(v</strong></span> <span class='ocrx_word' id='word_1_209' title='bbox 823 3317 868 3386; x_wconf 75' lang='lat' dir='ltr'><strong>ab)</strong></span> <span class='ocrx_word' id='word_1_210' title='bbox 887 3327 977 3383; x_wconf 87' lang='lat' dir='ltr'><strong>aperte</strong></span> <span class='ocrx_word' id='word_1_211' title='bbox 995 3317 1138 3368; x_wconf 82' lang='lat' dir='ltr'><strong>ostenditur</strong></span> <span class='ocrx_word' id='word_1_212' title='bbox 1155 3319 1207 3369; x_wconf 88' lang='lat' dir='ltr'><strong>iam</strong></span> <span class='ocrx_word' id='word_1_213' title='bbox 1225 3318 1358 3370; x_wconf 69' lang='lat' dir='ltr'><strong>habuisse⁴</strong></span> 
     </span>
    </p>
   </div>
   <div class='ocr_carea' id='block_1_10' title="bbox 318 3411 1435 4541">
    <p class='ocr_par' dir='ltr' id='par_1_10' title="bbox 318 3411 1435 4541">
     <span class='ocr_line' id='line_1_31' title="bbox 389 3411 1417 3482; baseline 0.003 -18"><span class='ocrx_word' id='word_1_214' title='bbox 389 3413 419 3464; x_wconf 82' lang='lat' dir='ltr'><strong>V.</strong></span> <span class='ocrx_word' id='word_1_215' title='bbox 441 3414 520 3480; x_wconf 86' lang='lat' dir='ltr'><strong>trqq.</strong></span> <span class='ocrx_word' id='word_1_216' title='bbox 557 3420 653 3480; x_wconf 75' lang='lat' dir='ltr'><strong>tempus</strong></span> <span class='ocrx_word' id='word_1_217' title='bbox 669 3412 698 3462; x_wconf 82' lang='lat' dir='ltr'><strong>io</strong></span> <span class='ocrx_word' id='word_1_218' title='bbox 717 3411 845 3482; x_wconf 77' lang='lat' dir='ltr'><strong>ultimum]</strong></span> <span class='ocrx_word' id='word_1_219' title='bbox 880 3413 906 3463; x_wconf 87' lang='lat' dir='ltr'><strong>iu</strong></span> <span class='ocrx_word' id='word_1_220' title='bbox 927 3421 1068 3464; x_wconf 87' lang='lat' dir='ltr'><strong>extremum</strong></span> <span class='ocrx_word' id='word_1_221' title='bbox 1087 3412 1239 3479; x_wconf 88' lang='lat' dir='ltr'><strong>periculum.</strong></span> <span class='ocrx_word' id='word_1_222' title='bbox 1276 3414 1417 3481; x_wconf 76' lang='lat' dir='ltr'><strong>Temporis</strong></span> 
     </span>
     <span class='ocr_line' id='line_1_32' title="bbox 320 3482 1418 3552; baseline 0.003 -17"><span class='ocrx_word' id='word_1_223' title='bbox 320 3498 416 3536; x_wconf 85' lang='lat' dir='ltr'><strong>nomen</strong></span> <span class='ocrx_word' id='word_1_224' title='bbox 435 3498 485 3534; x_wconf 91' lang='lat' dir='ltr'><strong>non</strong></span> <span class='ocrx_word' id='word_1_225' title='bbox 505 3482 604 3533; x_wconf 80' lang='lat' dir='ltr'><strong>diarium</strong></span> <span class='ocrx_word' id='word_1_226' title='bbox 623 3483 706 3534; x_wconf 87' lang='lat' dir='ltr'><strong>solum</strong></span> <span class='ocrx_word' id='word_1_227' title='bbox 727 3491 754 3533; x_wconf 90' lang='lat' dir='ltr'><strong>et</strong></span> <span class='ocrx_word' id='word_1_228' title='bbox 771 3498 895 3533; x_wconf 88' lang='lat' dir='ltr'><strong>annorum</strong></span> <span class='ocrx_word' id='word_1_229' title='bbox 914 3485 1026 3546; x_wconf 85' lang='lat' dir='ltr'><strong>seriem,</strong></span> <span class='ocrx_word' id='word_1_230' title='bbox 1054 3482 1101 3533; x_wconf 85' lang='lat' dir='ltr'><strong>sed</strong></span> <span class='ocrx_word' id='word_1_231' title='bbox 1128 3498 1300 3552; x_wconf 88' lang='lat' dir='ltr'><strong>quaecunque</strong></span> <span class='ocrx_word' id='word_1_232' title='bbox 1317 3485 1418 3539; x_wconf 84' lang='lat' dir='ltr'><strong>diebus</strong></span> 
     </span>
     <span class='ocr_line' id='line_1_33' title="bbox 321 3552 1420 3622; baseline 0.003 -16"><span class='ocrx_word' id='word_1_233' title='bbox 321 3563 349 3607; x_wconf 87' lang='lat' dir='ltr'><strong>et</strong></span> <span class='ocrx_word' id='word_1_234' title='bbox 366 3555 441 3606; x_wconf 86' lang='lat' dir='ltr'><strong>annis</strong></span> <span class='ocrx_word' id='word_1_235' title='bbox 460 3561 504 3604; x_wconf 87' lang='lat' dir='ltr'><strong>aut</strong></span> <span class='ocrx_word' id='word_1_236' title='bbox 525 3553 626 3618; x_wconf 75' lang='lat' dir='ltr'><strong>agenda</strong></span> <span class='ocrx_word' id='word_1_237' title='bbox 643 3561 703 3604; x_wconf 90' lang='lat' dir='ltr'><strong>sunt</strong></span> <span class='ocrx_word' id='word_1_238' title='bbox 721 3552 867 3604; x_wconf 72' lang='lat' dir='ltr'><strong>bominibus</strong></span> <span class='ocrx_word' id='word_1_239' title='bbox 886 3563 931 3605; x_wconf 86' lang='lat' dir='ltr'><strong>aut</strong></span> <span class='ocrx_word' id='word_1_240' title='bbox 950 3554 1070 3620; x_wconf 87' lang='lat' dir='ltr'><strong>patienda</strong></span> <span class='ocrx_word' id='word_1_241' title='bbox 1092 3553 1295 3620; x_wconf 83' lang='lat' dir='ltr'><strong>comprehendit.</strong></span> <span class='ocrx_word' id='word_1_242' title='bbox 1316 3556 1353 3607; x_wconf 84' lang='lat' dir='ltr'><strong>ci.</strong></span> <span class='ocrx_word' id='word_1_243' title='bbox 1372 3557 1420 3622; x_wconf 88' lang='lat' dir='ltr'><strong>iv,</strong></span> 
     </span>
     <span class='ocr_line' id='line_1_34' title="bbox 319 3623 1419 3691; baseline 0.001 -12"><span class='ocrx_word' id='word_1_244' title='bbox 319 3626 346 3690; x_wconf 85' lang='lat'><strong>9,</strong></span> <span class='ocrx_word' id='word_1_245' title='bbox 367 3626 408 3679; x_wconf 70' lang='lat' dir='ltr'><strong>db</strong></span> <span class='ocrx_word' id='word_1_246' title='bbox 444 3623 527 3691; x_wconf 83' lang='lat' dir='ltr'><strong>Epist.</strong></span> <span class='ocrx_word' id='word_1_247' title='bbox 544 3624 579 3687; x_wconf 90' lang='lat' dir='ltr'><strong>ll,</strong></span> <span class='ocrx_word' id='word_1_248' title='bbox 595 3625 622 3686; x_wconf 80' lang='lat'><strong>2,</strong></span> <span class='ocrx_word' id='word_1_249' title='bbox 639 3623 675 3675; x_wconf 80' lang='lat' dir='ltr'><strong>to</strong></span> <span class='ocrx_word' id='word_1_250' title='bbox 726 3624 818 3675; x_wconf 81' lang='lat' dir='ltr'><strong>Verbis</strong></span> <span class='ocrx_word' id='word_1_251' title='bbox 837 3625 947 3691; x_wconf 86' lang='lat' dir='ltr'><strong>quodam</strong></span> <span class='ocrx_word' id='word_1_252' title='bbox 967 3624 1043 3676; x_wconf 93' lang='lat' dir='ltr'><strong>modo</strong></span> <span class='ocrx_word' id='word_1_253' title='bbox 1061 3623 1150 3675; x_wconf 88' lang='lat' dir='ltr'><strong>ludere</strong></span> <span class='ocrx_word' id='word_1_254' title='bbox 1171 3625 1272 3677; x_wconf 85' lang='lat' dir='ltr'><strong>videtur</strong></span> <span class='ocrx_word' id='word_1_255' title='bbox 1290 3626 1419 3681; x_wconf 82' lang='lat' dir='ltr'><strong>Horatius</strong></span> 
     </span>
     <span class='ocr_line' id='line_1_35' title="bbox 320 3693 1420 3764; baseline 0.001 -15"><span class='ocrx_word' id='word_1_256' title='bbox 320 3697 426 3749; x_wconf 70' lang='lat' dir='ltr'><strong>deducte</strong></span> <span class='ocrx_word' id='word_1_257' title='bbox 447 3725 479 3736; x_wconf 88' lang='lat'><em>-</em></span> <span class='ocrx_word' id='word_1_258' title='bbox 498 3696 577 3755; x_wconf 63' lang='grc' dir='ltr'><strong>ἅπαις</strong></span> <span class='ocrx_word' id='word_1_259' title='bbox 603 3693 697 3744; x_wconf 87' lang='lat' dir='ltr'><strong>deinde</strong></span> <span class='ocrx_word' id='word_1_260' title='bbox 716 3694 835 3745; x_wconf 81' lang='lat' dir='ltr'><strong>consulto</strong></span> <span class='ocrx_word' id='word_1_261' title='bbox 854 3694 949 3745; x_wconf 91' lang='lat' dir='ltr'><strong>dictum</strong></span> <span class='ocrx_word' id='word_1_262' title='bbox 970 3697 999 3745; x_wconf 78' lang='lat' dir='ltr'><strong>in</strong></span> <span class='ocrx_word' id='word_1_263' title='bbox 1017 3694 1170 3746; x_wconf 71' lang='lat' dir='ltr'><strong>ultimum</strong></span> <span class='ocrx_word' id='word_1_264' title='bbox 1188 3705 1292 3764; x_wconf 56' lang='lat' dir='ltr'><strong>temari.</strong></span> <span class='ocrx_word' id='word_1_265' title='bbox 1322 3699 1420 3751; x_wconf 84' lang='lat' dir='ltr'><strong>Dure-</strong></span> 
     </span>
     <span class='ocr_line' id='line_1_36' title="bbox 320 3764 1419 3838; baseline 0.002 -19"><span class='ocrx_word' id='word_1_266' title='bbox 320 3776 361 3819; x_wconf 89' lang='lat' dir='ltr'><strong>rat</strong></span> <span class='ocrx_word' id='word_1_267' title='bbox 379 3782 425 3818; x_wconf 87' lang='lat' dir='ltr'><strong>eor</strong></span> <span class='ocrx_word' id='word_1_268' title='bbox 442 3765 536 3817; x_wconf 86' lang='lat' dir='ltr'><strong>Brutus</strong></span> <span class='ocrx_word' id='word_1_269' title='bbox 556 3767 582 3815; x_wconf 90' lang='lat' dir='ltr'><strong>in</strong></span> <span class='ocrx_word' id='word_1_270' title='bbox 603 3764 772 3820; x_wconf 85' lang='lat' dir='ltr'><strong>condiciones</strong></span> <span class='ocrx_word' id='word_1_271' title='bbox 791 3774 936 3816; x_wconf 87' lang='lat' dir='ltr'><strong>remotasa</strong></span> <span class='ocrx_word' id='word_1_272' title='bbox 963 3768 1045 3830; x_wconf 89' lang='lat' dir='ltr'><strong>patria</strong></span> <span class='ocrx_word' id='word_1_273' title='bbox 1065 3774 1091 3816; x_wconf 93' lang='lat' dir='ltr'><strong>et</strong></span> <span class='ocrx_word' id='word_1_274' title='bbox 1110 3767 1231 3827; x_wconf 82' lang='lat' dir='ltr'><strong>civitate3</strong></span> <span class='ocrx_word' id='word_1_275' title='bbox 1257 3768 1334 3818; x_wconf 82' lang='lat' dir='ltr'><strong>iude:</strong></span> <span class='ocrx_word' id='word_1_276' title='bbox 1357 3773 1419 3838; x_wconf 87' lang='lat' dir='ltr'><strong>quia</strong></span> 
     </span>
     <span class='ocr_line' id='line_1_37' title="bbox 321 3835 1419 3904; baseline 0.003 -15"><span class='ocrx_word' id='word_1_277' title='bbox 321 3846 348 3889; x_wconf 89' lang='lat' dir='ltr'><strong>te</strong></span> <span class='ocrx_word' id='word_1_278' title='bbox 371 3837 508 3890; x_wconf 77' lang='lat' dir='ltr'><strong>redonavit</strong></span> <span class='ocrx_word' id='word_1_279' title='bbox 538 3836 685 3899; x_wconf 78' lang='lat' dir='ltr'><strong>Quiritem?</strong></span> <span class='ocrx_word' id='word_1_280' title='bbox 717 3851 785 3903; x_wconf 87' lang='lat' dir='ltr'><strong>quae</strong></span> <span class='ocrx_word' id='word_1_281' title='bbox 816 3835 894 3886; x_wconf 85' lang='lat' dir='ltr'><strong>verba</strong></span> <span class='ocrx_word' id='word_1_282' title='bbox 920 3838 1036 3890; x_wconf 84' lang='lat' dir='ltr'><strong>mirantis</strong></span> <span class='ocrx_word' id='word_1_283' title='bbox 1057 3844 1116 3886; x_wconf 87' lang='lat' dir='ltr'><strong>suut</strong></span> <span class='ocrx_word' id='word_1_284' title='bbox 1135 3836 1169 3886; x_wconf 90' lang='lat' dir='ltr'><strong>de</strong></span> <span class='ocrx_word' id='word_1_285' title='bbox 1187 3837 1318 3904; x_wconf 86' lang='lat' dir='ltr'><strong>insperato</strong></span> <span class='ocrx_word' id='word_1_286' title='bbox 1337 3843 1419 3892; x_wconf 86' lang='lat' dir='ltr'><strong>amici</strong></span> 
     </span>
     <span class='ocr_line' id='line_1_38' title="bbox 320 3906 1435 3977; baseline 0.003 -17"><span class='ocrx_word' id='word_1_287' title='bbox 320 3908 413 3960; x_wconf 86' lang='lat' dir='ltr'><strong>reditu.</strong></span> <span class='ocrx_word' id='word_1_288' title='bbox 445 3938 479 3949; x_wconf 91' lang='grc'>-</span> <span class='ocrx_word' id='word_1_289' title='bbox 522 3907 658 3975; x_wconf 79' lang='lat' dir='ltr'><strong>Quiritem]</strong></span> <span class='ocrx_word' id='word_1_290' title='bbox 688 3908 773 3972; x_wconf 89' lang='lat' dir='ltr'><strong>capite</strong></span> <span class='ocrx_word' id='word_1_291' title='bbox 793 3921 845 3958; x_wconf 88' lang='lat' dir='ltr'><strong>nou</strong></span> <span class='ocrx_word' id='word_1_292' title='bbox 865 3907 915 3956; x_wconf 88' lang='lat' dir='ltr'><strong>iam</strong></span> <span class='ocrx_word' id='word_1_293' title='bbox 936 3906 1110 3967; x_wconf 67' lang='lat' dir='ltr'><strong>deminutum</strong></span> <span class='ocrx_word' id='word_1_294' title='bbox 1146 3906 1194 3957; x_wconf 83' lang='lat' dir='ltr'><strong>tuit</strong></span> <span class='ocrx_word' id='word_1_295' title='bbox 1211 3916 1297 3959; x_wconf 85' lang='lat' dir='ltr'><strong>autem</strong></span> <span class='ocrx_word' id='word_1_296' title='bbox 1316 3910 1435 3977; x_wconf 86' lang='lat' dir='ltr'><strong>triplex·</strong></span> 
     </span>
     <span class='ocr_line' id='line_1_39' title="bbox 319 3975 1419 4049; baseline 0.002 -17"><span class='ocrx_word' id='word_1_297' title='bbox 319 3980 413 4045; x_wconf 79' lang='lat' dir='ltr'><strong>eaptus</strong></span> <span class='ocrx_word' id='word_1_298' title='bbox 434 3978 584 4028; x_wconf 84' lang='lat' dir='ltr'><strong>deminutio.</strong></span> <span class='ocrx_word' id='word_1_299' title='bbox 627 3975 771 4043; x_wconf 86' lang='lat' dir='ltr'><strong>Singularis</strong></span> <span class='ocrx_word' id='word_1_300' title='bbox 798 3991 919 4028; x_wconf 87' lang='lat' dir='ltr'><strong>uumerus</strong></span> <span class='ocrx_word' id='word_1_301' title='bbox 952 3978 1064 4028; x_wconf 88' lang='lat' dir='ltr'><strong>nominis</strong></span> <span class='ocrx_word' id='word_1_302' title='bbox 1083 3976 1218 4039; x_wconf 81' lang='lat' dir='ltr'><strong>Quiritium</strong></span> <span class='ocrx_word' id='word_1_303' title='bbox 1246 3994 1298 4030; x_wconf 88' lang='lat' dir='ltr'><strong>nori</strong></span> <span class='ocrx_word' id='word_1_304' title='bbox 1316 3978 1419 4049; x_wconf 77' lang='lat' dir='ltr'><strong>legitur</strong></span> 
     </span>
     <span class='ocr_line' id='line_1_40' title="bbox 318 4046 1416 4122; baseline 0.003 -22"><span class='ocrx_word' id='word_1_305' title='bbox 318 4050 369 4101; x_wconf 85' lang='lat' dir='ltr'><strong>nisi</strong></span> <span class='ocrx_word' id='word_1_306' title='bbox 389 4047 456 4114; x_wconf 89' lang='lat' dir='ltr'><strong>apud</strong></span> <span class='ocrx_word' id='word_1_307' title='bbox 478 4056 577 4114; x_wconf 88' lang='lat' dir='ltr'><strong>poetas.</strong></span> <span class='ocrx_word' id='word_1_308' title='bbox 614 4046 690 4113; x_wconf 78' lang='lat' dir='ltr'><strong>Apud</strong></span> <span class='ocrx_word' id='word_1_309' title='bbox 707 4047 838 4098; x_wconf 86' lang='lat' dir='ltr'><strong>Horatium</strong></span> <span class='ocrx_word' id='word_1_310' title='bbox 860 4047 919 4098; x_wconf 88' lang='lat' dir='ltr'><strong>vide</strong></span> <span class='ocrx_word' id='word_1_311' title='bbox 938 4047 1011 4115; x_wconf 84' lang='lat' dir='ltr'><strong>Epist</strong></span> <span class='ocrx_word' id='word_1_312' title='bbox 1042 4047 1062 4110; x_wconf 94' lang='lat' dir='ltr'><strong>l,</strong></span> <span class='ocrx_word' id='word_1_313' title='bbox 1080 4048 1106 4108; x_wconf 83' lang='grc'><strong>6,</strong></span> <span class='ocrx_word' id='word_1_314' title='bbox 1116 4046 1138 4098; x_wconf 82' lang='grc'><strong>7.</strong></span> <span class='ocrx_word' id='word_1_315' title='bbox 1158 4078 1193 4089; x_wconf 89' lang='lat'><em>-</em></span> <span class='ocrx_word' id='word_1_316' title='bbox 1213 4048 1326 4122; x_wconf 76' lang='lat' dir='ltr'><strong>Pompei]</strong></span> <span class='ocrx_word' id='word_1_317' title='bbox 1348 4052 1416 4104; x_wconf 80' lang='lat' dir='ltr'><strong>duaa</strong></span> 
     </span>
     <span class='ocr_line' id='line_1_41' title="bbox 319 4116 1416 4185; baseline 0.005 -15"><span class='ocrx_word' id='word_1_318' title='bbox 319 4127 417 4171; x_wconf 79' lang='lat' dir='ltr'><strong>tanturm</strong></span> <span class='ocrx_word' id='word_1_319' title='bbox 435 4118 517 4169; x_wconf 83' lang='lat' dir='ltr'><strong>allicit</strong></span> <span class='ocrx_word' id='word_1_320' title='bbox 543 4116 657 4183; x_wconf 79' lang='lat' dir='ltr'><strong>syllabas</strong></span> <span class='ocrx_word' id='word_1_321' title='bbox 684 4132 730 4184; x_wconf 88' lang='lat' dir='ltr'><strong>per</strong></span> <span class='ocrx_word' id='word_1_322' title='bbox 750 4117 937 4184; x_wconf 75' lang='lat' dir='ltr'><strong>synaloeplren.</strong></span> <span class='ocrx_word' id='word_1_323' title='bbox 987 4120 1029 4169; x_wconf 91' lang='lat' dir='ltr'><strong>Sic</strong></span> <span class='ocrx_word' id='word_1_324' title='bbox 1050 4118 1132 4168; x_wconf 84' lang='lat' dir='ltr'><strong>Carm.</strong></span> <span class='ocrx_word' id='word_1_325' title='bbox 1152 4118 1173 4180; x_wconf 89' lang='lat' dir='ltr'><strong>l,</strong></span> <span class='ocrx_word' id='word_1_326' title='bbox 1191 4120 1234 4183; x_wconf 79' lang='lat'><strong>35,</strong></span> <span class='ocrx_word' id='word_1_327' title='bbox 1258 4122 1296 4172; x_wconf 83' lang='lat'><strong>17.</strong></span> <span class='ocrx_word' id='word_1_328' title='bbox 1321 4122 1368 4185; x_wconf 80' lang='lat'><strong>37,</strong></span> <span class='ocrx_word' id='word_1_329' title='bbox 1388 4125 1416 4176; x_wconf 81' lang='lat'><strong>5.</strong></span> 
     </span>
     <span class='ocr_line' id='line_1_42' title="bbox 318 4187 1416 4257; baseline 0.003 -15"><span class='ocrx_word' id='word_1_330' title='bbox 318 4188 420 4242; x_wconf 84' lang='lat' dir='ltr'><strong>Deinde</strong></span> <span class='ocrx_word' id='word_1_331' title='bbox 438 4189 481 4238; x_wconf 80' lang='lat' dir='ltr'><strong>vix</strong></span> <span class='ocrx_word' id='word_1_332' title='bbox 500 4197 541 4239; x_wconf 87' lang='lat' dir='ltr'><strong>ert</strong></span> <span class='ocrx_word' id='word_1_333' title='bbox 560 4189 628 4255; x_wconf 90' lang='lat' dir='ltr'><strong>quod</strong></span> <span class='ocrx_word' id='word_1_334' title='bbox 647 4203 765 4239; x_wconf 87' lang='lat' dir='ltr'><strong>moneam</strong></span> <span class='ocrx_word' id='word_1_335' title='bbox 780 4190 894 4257; x_wconf 79' lang='lat' dir='ltr'><strong>primum</strong></span> <span class='ocrx_word' id='word_1_336' title='bbox 911 4187 1038 4239; x_wconf 86' lang='lat' dir='ltr'><strong>sodalium</strong></span> <span class='ocrx_word' id='word_1_337' title='bbox 1056 4204 1114 4238; x_wconf 87' lang='lat' dir='ltr'><strong>eum</strong></span> <span class='ocrx_word' id='word_1_338' title='bbox 1134 4203 1192 4239; x_wconf 83' lang='lat' dir='ltr'><strong>esse</strong></span> <span class='ocrx_word' id='word_1_339' title='bbox 1214 4206 1291 4257; x_wconf 89' lang='lat' dir='ltr'><strong>quem</strong></span> <span class='ocrx_word' id='word_1_340' title='bbox 1301 4195 1416 4245; x_wconf 85' lang='lat' dir='ltr'><strong>maxime</strong></span> 
     </span>
     <span class='ocr_line' id='line_1_43' title="bbox 318 4259 1414 4326; baseline 0.003 -15"><span class='ocrx_word' id='word_1_341' title='bbox 318 4259 451 4320; x_wconf 83' lang='lat' dir='ltr'><strong>amaverit,</strong></span> <span class='ocrx_word' id='word_1_342' title='bbox 471 4273 523 4309; x_wconf 88' lang='lat' dir='ltr'><strong>nou</strong></span> <span class='ocrx_word' id='word_1_343' title='bbox 541 4273 652 4326; x_wconf 87' lang='lat' dir='ltr'><strong>quocum</strong></span> <span class='ocrx_word' id='word_1_344' title='bbox 670 4274 684 4309; x_wconf 91' lang='lat' dir='ltr'><strong>a</strong></span> <span class='ocrx_word' id='word_1_345' title='bbox 705 4260 786 4324; x_wconf 86' lang='lat' dir='ltr'><strong>prima</strong></span> <span class='ocrx_word' id='word_1_346' title='bbox 807 4260 917 4324; x_wconf 87' lang='lat' dir='ltr'><strong>pueritia</strong></span> <span class='ocrx_word' id='word_1_347' title='bbox 935 4259 1201 4311; x_wconf 84' lang='lat' dir='ltr'><strong>vixeritconiuoctus.</strong></span> <span class='ocrx_word' id='word_1_348' title='bbox 1240 4261 1350 4313; x_wconf 81' lang='lat' dir='ltr'><strong>Sodales</strong></span> <span class='ocrx_word' id='word_1_349' title='bbox 1370 4265 1414 4315; x_wconf 87' lang='lat' dir='ltr'><strong>in-</strong></span> 
     </span>
     <span class='ocr_line' id='line_1_44' title="bbox 318 4328 1416 4396; baseline 0.002 -14"><span class='ocrx_word' id='word_1_350' title='bbox 318 4329 455 4395; x_wconf 68' lang='lat' dir='ltr'><strong>telligendi</strong></span> <span class='ocrx_word' id='word_1_351' title='bbox 473 4330 492 4380; x_wconf 92' lang='lat' dir='ltr'><strong>ii</strong></span> <span class='ocrx_word' id='word_1_352' title='bbox 510 4336 587 4392; x_wconf 88' lang='lat' dir='ltr'><strong>sunt,</strong></span> <span class='ocrx_word' id='word_1_353' title='bbox 612 4328 765 4396; x_wconf 80' lang='lat' dir='ltr'><strong>quibuscum</strong></span> <span class='ocrx_word' id='word_1_354' title='bbox 784 4328 845 4381; x_wconf 91' lang='lat' dir='ltr'><strong>olim</strong></span> <span class='ocrx_word' id='word_1_355' title='bbox 864 4329 991 4381; x_wconf 83' lang='lat' dir='ltr'><strong>militavit.</strong></span> <span class='ocrx_word' id='word_1_356' title='bbox 1037 4329 1107 4381; x_wconf 90' lang='lat' dir='ltr'><strong>lnter</strong></span> <span class='ocrx_word' id='word_1_357' title='bbox 1128 4330 1176 4381; x_wconf 82' lang='lat' dir='ltr'><strong>lios</strong></span> <span class='ocrx_word' id='word_1_358' title='bbox 1194 4333 1343 4383; x_wconf 87' lang='lat' dir='ltr'><strong>carissimus</strong></span> <span class='ocrx_word' id='word_1_359' title='bbox 1359 4342 1416 4388; x_wconf 83' lang='lat' dir='ltr'><strong>erat</strong></span> 
     </span>
     <span class='ocr_line' id='line_1_45' title="bbox 319 4399 1418 4469; baseline 0.001 -16"><span class='ocrx_word' id='word_1_360' title='bbox 319 4402 466 4469; x_wconf 83' lang='lat' dir='ltr'><strong>Pompeius.</strong></span> <span class='ocrx_word' id='word_1_361' title='bbox 486 4430 517 4441; x_wconf 89' lang='lat'>-</span> <span class='ocrx_word' id='word_1_362' title='bbox 538 4399 634 4468; x_wconf 71' lang='lat' dir='ltr'><strong>saepe]</strong></span> <span class='ocrx_word' id='word_1_363' title='bbox 652 4399 701 4451; x_wconf 87' lang='lat' dir='ltr'><strong>Per</strong></span> <span class='ocrx_word' id='word_1_364' title='bbox 720 4401 812 4451; x_wconf 87' lang='lat' dir='ltr'><strong>itinera</strong></span> <span class='ocrx_word' id='word_1_365' title='bbox 832 4408 858 4450; x_wconf 89' lang='lat' dir='ltr'><strong>ct</strong></span> <span class='ocrx_word' id='word_1_366' title='bbox 875 4401 1005 4467; x_wconf 86' lang='lat' dir='ltr'><strong>praesidia</strong></span> <span class='ocrx_word' id='word_1_367' title='bbox 1025 4399 1093 4452; x_wconf 88' lang='lat' dir='ltr'><strong>haud</strong></span> <span class='ocrx_word' id='word_1_368' title='bbox 1114 4401 1350 4453; x_wconf 86' lang='lat' dir='ltr'><strong>raromilitantibus</strong></span> <span class='ocrx_word' id='word_1_369' title='bbox 1368 4420 1418 4454; x_wconf 85' lang='lat' dir='ltr'><strong>ac·</strong></span> 
     </span>
     <span class='ocr_line' id='line_1_46' title="bbox 320 4468 1417 4541; baseline 0.004 -19"><span class='ocrx_word' id='word_1_370' title='bbox 320 4470 409 4524; x_wconf 82' lang='lat' dir='ltr'><strong>cidere</strong></span> <span class='ocrx_word' id='word_1_371' title='bbox 426 4469 529 4538; x_wconf 88' lang='lat' dir='ltr'><strong>potuit,</strong></span> <span class='ocrx_word' id='word_1_372' title='bbox 555 4476 584 4519; x_wconf 91' lang='lat' dir='ltr'><strong>ut</strong></span> <span class='ocrx_word' id='word_1_373' title='bbox 606 4468 668 4536; x_wconf 79' lang='lat' dir='ltr'><strong>quid</strong></span> <span class='ocrx_word' id='word_1_374' title='bbox 690 4469 807 4521; x_wconf 86' lang='lat' dir='ltr'><strong>lacerent</strong></span> <span class='ocrx_word' id='word_1_375' title='bbox 829 4472 978 4523; x_wconf 83' lang='lat' dir='ltr'><strong>nescienter</strong></span> <span class='ocrx_word' id='word_1_376' title='bbox 1001 4473 1092 4541; x_wconf 81' lang='lat' dir='ltr'><strong>quavis</strong></span> <span class='ocrx_word' id='word_1_377' title='bbox 1117 4480 1172 4523; x_wconf 89' lang='lat' dir='ltr'><strong>arte</strong></span> <span class='ocrx_word' id='word_1_378' title='bbox 1195 4471 1264 4524; x_wconf 91' lang='lat' dir='ltr'><strong>diem</strong></span> <span class='ocrx_word' id='word_1_379' title='bbox 1282 4473 1417 4526; x_wconf 83' lang='lat' dir='ltr'><strong>conticere</strong></span> 
     </span>
    </p>
   </div>
   <div class='ocr_carea' id='block_1_11' title="bbox 0 0 1568 5042">
    <p class='ocr_par' dir='ltr' id='par_1_11' title="bbox 0 0 1568 5042">
     <span class='ocr_line' id='line_1_47' title="bbox 0 0 1568 5042; baseline 0 0"><span class='ocrx_word' id='word_1_380' title='bbox 0 0 1568 5042; x_wconf 95' lang='lat' dir='ltr'><strong> </strong></span> 
     </span>
    </p>
   </div>
  </div>
 </body>
</html>
