3117 5042
478 399 573 465 ΗΒ.
595 401 650 464 ΙΙΙ.
693 401 845 467 cdliii.
870 404 893 466 Ι.

337 580 529 660 vomat,
551 581 598 644 illi
620 580 712 644 turha
730 582 888 645 attention

335 687 385 753 Sit
403 688 522 753 maior:
543 705 643 771 aequa
663 688 734 771 tege
752 688 930 753 Necessitas
990 721 999 732 ν

285 815 315 858 rs
376 797 515 861 Sortitur
536 797 675 879 insigues
695 803 727 859 et
744 797 844 873 imos;

417 905 514 968 onos
537 923 637 985 capax
659 911 866 1007 movetxurns
886 924 1010 970 nonem

334 1056 507 1121 llestrietus
527 1056 609 1119 ensis
630 1057 679 1121 eui
697 1076 792 1140 super
810 1058 906 1140 impia

336 1162 466 1236 ceruice
486 1164 617 1246 pendet,
641 1184 703 1228 non
723 1165 850 1229 Siculae
869 1166 966 1248 dapes

379 1273 506 1335 llulcem
531 1272 735 1338 elaborabunt
755 1292 917 1356 saporem,

285 1397 317 1442 ao
418 1381 487 1444 Non
510 1381 612 1444 avium
632 1381 832 1465 eithsrsoque
853 1388 963 1446 cantus

337 1540 483 1607 Somnum
506 1544 664 1607 reducent.
709 1544 843 1608 Somnus
863 1545 1033 1629 agrestium

338 1651 431 1715 lenis
452 1651 588 1714 virorum
607 1671 670 1715 non
693 1651 824 1715 humiles
845 1652 952 1717 domos

381 1759 517 1824 Fastidit
537 1760 771 1843 umbrosamque
794 1760 893 1842 ripam

422 1869 490 1930 Nou
511 1866 666 1948 Zephyris
685 1867 808 1950 agitata
825 1870 950 1951 Tempe.

287 2032 317 2077 aa
338 1991 572 2079 llesiderautem
591 2016 673 2098 quod
692 2017 770 2081 satis
792 2023 840 2080 est
857 2035 957 2101 neque

340 2124 574 2187 'tumultuosum
598 2124 746 2189 sollicitat
769 2143 875 2204 mare,

380 2231 444 2293 Nee
465 2247 578 2294 saevus
600 2232 725 2296 Arcturi
745 2233 886 2297 radentis

421 2339 558 2421 impetus
576 2346 632 2402 aut
650 2340 778 2404 orientis
797 2341 918 2417 llaedi,

340 2487 407 2550 Nou
430 2488 614 2553 verberatae
634 2490 790 2572 grandine
811 2489 920 2553 vineae
965 2527 969 2531 Α

292 2612 322 2657 ao
340 2595 527 2679 Fundusque
541 2597 677 2660 mendax
696 2597 810 2660 arbore
830 2617 912 2660 nuno
932 2614 1030 2680 aquas

335 2753 345 2760 „
385 2701 539 2785 culpante
562 2723 644 2768 uuae
664 2704 817 2770 torrentia
836 2723 932 2788 agros
962 2739 966 2742 ·

428 2811 541 2876 Sidera
561 2832 643 2874 nuno
661 2812 775 2893 hiemes
795 2813 925 2897 iniquas.

345 2957 515 3024 Contracta
538 2960 639 3042 pisces
661 2979 799 3045 aequora
820 2960 955 3024 sentiunt

137 3123 228 3190 ΗΞ).
252 3155 287 3167 -
315 3126 472 3191 Necessitas]
492 3124 526 3176 el.
544 3124 628 3178 Garm.
647 3125 668 3189 Ι,
686 3126 729 3190 35,
747 3126 789 3180 tt.
815 3156 846 3170 -
871 3128 990 3197 sortitur]
1010 3125 1044 3179 el.
1062 3123 1146 3182 carm.
1167 3124 1201 3188 ΙΙ,
1212 3123 1239 3190 3,

135 3195 183 3250 26.
195 3226 227 3241 -
249 3196 385 3248 destrim
402 3199 479 3267 emh]
503 3197 669 3263 Significatur
687 3205 749 3248 nota
767 3193 813 3248 illa
833 3197 901 3264 apud
916 3198 1069 3250 Ciceronem
1079 3197 1237 3268 luserim

135 3269 255 3319 mrratio
273 3267 307 3319 de
325 3267 452 3332 Dionysio
472 3276 500 3320 et
519 3267 661 3330 Damocle3
690 3268 751 3319 inde
770 3271 847 3321 etism
867 3268 977 3338 Siculae¹
989 3269 1081 3336 dapes,
1100 3268 1169 3335 apud
1189 3283 1239 3319 an·

136 3340 228 3407 liquos
253 3346 304 3390 tam
324 3336 438 3390 famosas
455 3345 485 3389 ut
500 3339 528 3389 in
547 3338 714 3404 proverbium
733 3355 816 3407 prope
833 3340 941 3392 abirent.
973 3370 1007 3383 -
1034 3342 1131 3411 memo]
1151 3338 1240 3390 Habe-

134 3408 206 3460 hant
223 3408 417 3460 enimllomani
438 3425 485 3459 sua
504 3410 616 3473 aviaria,
637 3409 728 3461 Graeci
747 3411 917 3480 ὀρνιθῶνας.
949 3410 1020 3462 Bene
1034 3412 1098 3463 dicit
1115 3410 1237 3462 elaboro·

137 3481 222 3545 Ικηες
252 3482 292 3531 sie
315 3481 384 3532 enim
406 3480 516 3548 sentitur
535 3479 609 3530 labor
627 3489 656 3530 et
670 3495 770 3547 opera,
801 3497 877 3549 quam
898 3481 992 3534 divites
1014 3481 1046 3531 ad
1064 3479 1239 3547 superandum

136 3550 274 3602 fastidium
295 3549 411 3602 ciborum
437 3552 513 3602 stiam
540 3549 780 3602 delicatissimorum
803 3552 977 3620 nequidquam
1007 3551 1167 3618 impendunt.
1206 3574 1238 3591 -

135 3624 256 3692 somnus]
276 3620 374 3672 llorstii
384 3621 543 3672 consuetudo
555 3619 626 3673 hune
637 3636 696 3673 esse
714 3620 830 3673 ordinem
848 3622 942 3673 docet:
960 3621 1027 3673 lenis
1041 3636 1147 3673 somnos
1159 3634 1240 3687 agre·

135 3694 220 3745 stium
238 3693 351 3743 uirorum
370 3707 422 3744 noo
439 3691 537 3744 lastidit
555 3692 667 3744 humiles
687 3693 777 3744 domos
796 3701 846 3744 cet.
901 3693 1004 3744 Etenim
1028 3706 1155 3754 somnus,
1186 3705 1239 3758 qno

136 3764 257 3815 recreari
278 3762 397 3815 videmus
415 3771 534 3831 agrestes
551 3763 678 3828 homines,
695 3777 748 3813 non
767 3761 866 3815 fastidit
884 3777 1064 3831 pervasorum
1082 3761 1186 3828 tuguria
1195 3767 1240 3812 aut

137 3834 272 3900 cespitem
289 3832 338 3884 sub
357 3833 418 3885 divo
438 3835 559 3901 positum.

215 3929 246 3979 V.
268 3930 316 3982 25.
354 3929 552 4000 desiderantem]
590 3929 624 3980 ci.
646 3925 729 3979 Germ.
752 3926 797 3990 ill,
819 3926 861 3988 16,
878 3923 913 3980 42
922 3942 978 3995 sqq.
1013 3926 1093 3993 Epist.
1112 3925 1133 3991 l,
1153 3925 1178 3987 2,
1195 3923 1239 3979 46.

137 3997 266 4065 1,1o‚tt.
278 4030 313 4041 -
330 3999 448 4072 Arcturo]
468 3999 543 4053 Cadit
558 4000 683 4050 Arctums
701 4013 725 4050 a.
745 3998 761 4048 d
784 3998 826 4050 ΙΙΙ.
849 3997 903 4054 llnl.
922 3997 1004 4058 Nov.;
1026 3999 1142 4049 oriuntur
1160 3995 1242 4047 llaedi

136 4070 211 4140 prid.
233 4068 297 4122 uon.
319 4069 423 4123 Octobr.
450 4101 483 4113 -
505 4071 615 4139 nodus]
636 4069 733 4121 Poetae
753 4071 808 4136 agri
827 4083 932 4135 quoque
951 4069 1024 4136 qnasi
1042 4069 1150 4132 vivunt3
1180 4068 1243 4119 inda

137 4150 218 4211 gnta
237 4140 303 4192 haee
320 4142 559 4208 προςωποποιΐα,
585 4155 637 4208 qua
661 4139 756 4191 landus
784 4139 945 4192 sterilitatem
975 4147 1143 4191 excusaturos
1171 4154 1240 4191 nea

137 4212 287 4268 mendaciis
303 4212 408 4280 quidem
426 4212 539 4264 abstinet
555 4226 624 4263 nuno
645 4211 705 4263 hinc
722 4227 791 4262 nunc
812 4210 885 4261 illinc
903 4225 1006 4262 causam
1024 4220 1155 4278 repetens.
1193 4207 1240 4262 lo-

140 4292 217 4336 certa
235 4282 301 4335 lider
322 4299 443 4350 agrorum
460 4282 803 4350 indicaturpartieulsnuue
823 4291 862 4334 ter
872 4283 973 4347 posita3
994 4297 1051 4333 nam
1068 4285 1136 4335 omni
1157 4296 1241 4349 propa

140 4364 264 4422 tempore
282 4354 377 4406 modus
396 4354 475 4406 hahet
492 4370 545 4423 quo
563 4361 710 4408 excusetur.
727 4352 811 4420 Epist.
830 4354 851 4416 Ι,
875 4352 901 4418 7,
909 4352 952 4409 87.
973 4385 1007 4397 -
1026 4355 1171 4425 contracto}
1193 4352 1240 4403 ln-

140 4435 248 4494 gentem
266 4425 441 4477 Rornanorum
462 4425 550 4478 lurum
567 4426 595 4477 io
613 4422 721 4475 aedibus
738 4439 790 4474 non
806 4426 832 4475 in
851 4426 993 4490 continenti
1005 4424 1089 4476 solum
1107 4423 1239 4475 sedetiam

136 4499 167 4548 in
188 4496 330 4565 aggeribus
347 4497 375 4549 in
392 4511 464 4549 mars
483 4498 548 4549 rous
568 4493 731 4551 exstruendis
757 4496 808 4548 iam
828 4496 942 4548 carmine
960 4495 993 4561 tt,
1014 4497 1047 4548 15
1068 4496 1238 4562 vituperave-
