3117 5042
428 315 604 415 bibl,
653 317 818 383 EPlS‘l'.
843 320 866 380 Ι.
889 321 927 385 lt

545 548 760 661 Epistola
787 550 828 621 ll.

221 704 352 770 Troiani
377 706 449 771 belli
470 709 671 790 scriptorem,
692 713 824 775 maxime
851 713 942 787 bolli,

222 817 299 879 [tum
321 824 354 879 tu
372 817 531 881 declamas
553 820 692 903 1111111111,
710 820 879 883 Praeneste
900 821 1010 902 relegi,

188 992 197 1000 ,
224 925 283 1001 Qui
307 925 379 1007 quid
400 925 441 987 sit
461 914 638 1007 pulcbrum,
661 928 732 1009 quid
757 936 858 1013 turpe,
878 929 1051 1012 quidsuis,
1072 931 1144 1013 quid
1161 950 1233 1012 son,

223 1032 350 1096 Planius
371 1052 410 1096 ac
428 1033 536 1096 mebos
559 1024 733 1118 dtrysippo
755 1043 787 1099 et
808 1037 962 1100 Crantore
982 1038 1066 1102 dicit
1108 1016 1112 1025 ’

579 1231 743 1298 Epistola
769 1233 803 1286 ll.

207 1331 273 1383 Data
294 1331 360 1384 baec
380 1342 421 1386 est
437 1334 549 1402 epistola
566 1335 598 1388 ad
614 1336 726 1389 Lollium
745 1335 948 1399 adolescentem,
968 1336 1048 1389 lilium
1068 1338 1233 1389 1111111111ιὶ-

136 1416 207 1452 mum
227 1402 261 1454 ll.
278 1402 372 1468 Lollii,
404 1421 482 1473 quem
505 1406 625 1482 lloratbgs
656 1408 816 1476 praedicavit
834 1408 918 1460 Carra.
938 1409 981 1472 tv,
1002 1408 1036 1470 93
1071 1407 1103 1458 ad
1123 1407 1234 1460 eundem

136 1474 260 1555 iuvenem
280 1473 357 1526 huius
376 1472 435 1527 libri
455 1477 557 1549 decima
576 1488 669 1530 octava
687 1488 735 1529 est.
775 1479 831 1543 'Qui
857 1494 915 1530 cnm
943 1493 966 1529 a
987 1478 1233 1546 7291111111Ηί-

136 1559 231 1608 spuma
250 1547 369 1612 Augusto
388 1547 456 1598 dues
477 1549 614 1615 militasset
632 1548 727 1618 (Epist
746 1549 767 1612 l,
789 1550 896 1613 18,55),
915 1548 1021 1600 Romam
1038 1565 1159 1601 reversus
1172 1548 1231 1600 clo·

135 1616 263 1681 quentiae
293 1614 370 1668 laude
399 1627 426 1669 et
453 1620 589 1684 prudentia
608 1620 679 1672 civili
700 1621 768 1671 viam
795 1620 845 1671 sibi
866 1618 897 1670 ad
920 1621 1030 1672 maiores
1051 1622 1077 1671 in
1099 1618 1234 1686 republica

136 1683 252 1736 honores
270 1689 371 1738 munire
391 1688 493 1741 videtur
511 1689 649 1742 studuisse.
688 1692 731 1743 Sic
750 1691 818 1740 cuim
837 1686 1007 1757 intelligenda
1021 1698 1062 1741 est
1078 1688 1124 1741 illa
1142 1689 1233 1742 decla-

137 1758 230 1817 matio,
248 1771 301 1823 qna
318 1756 416 1810 Romae
434 1768 587 1826 occupatum
607 1758 717 1811 Lollium
738 1760 819 1811 fuisse
836 1760 899 1811 dicit
919 1761 995 1811 buius
1014 1760 1142 1827 epistolae
1161 1777 1186 1812 v.
1200 1756 1232 1813 2.

135 1824 172 1875 cl.
192 1825 246 1878 Cic.
265 1825 364 1878 deFin.
382 1830 414 1893 V,
425 1828 450 1894 2,
462 1833 493 1883 5:
512 1831 567 1895 „Ad
588 1830 682 1883 flumen
699 1836 771 1882 aiunt
789 1829 935 1883 declamare
955 1831 1058 1882 solitum
1077 1828 1234 1891 Demosthe·

135 1911 215 1959 nem,
235 1905 264 1947 ut
281 1898 410 1951 lrcmitum
431 1910 595 1953 manesceret
614 1916 680 1953 voce
698 1904 829 1953 1111111111(ι
864 1901 994 1953 larn'cum
1013 1902 1124 1969 epistola
1151 1901 1233 1954 xvnt

135 1982 171 2017 ex
188 1976 280 2033 aperto
297 1968 394 2021 indicio
413 1985 438 2022 1,
458 1971 580 2024 56111110
598 1974 694 2039 scripta
716 1975 750 2024 sit
770 1972 837 2037 734,
854 1972 921 2024 banc
939 1972 1061 2037 alteram,
1078 1988 1146 2041 quae
1165 1981 1233 2022 tem-

133 2053 202 2119 pore
221 2038 291 2089 illam
307 2038 466 2106 praecedere
483 2043 612 2105 ¹uideatur,
630 2045 708 2095 annis
725 2041 868 2109 uso-7734
886 2044 1074 2095 attribuendam
1095 2059 1155 2094 esse
1170 2058 1233 2110 pro·

135 2107 227 2159 babilo
245 2116 303 2172 est;
320 2114 466 2169 accuratius
479 2129 575 2165 annum
593 2114 705 2166 natalem
724 2116 768 2167 uix
791 2116 874 2181 possis
885 2114 1004 2167 delinire.
1043 2114 1162 2165 Horatius
1173 2129 1255 2165 cum-

134 2177 238 2243 Lollia,
257 2189 285 2231 ut
305 2182 436 2234 extribus
455 2186 610 2236 carminibus
630 2185 661 2235 ud
680 2200 726 2236 cos
745 2186 812 2237 datis
833 2200 884 2249 non
905 2194 1004 2236 temere
1022 2185 1096 2235 nobis
1115 2184 1235 2235 videmur

134 2250 306 2315 concludere,
324 2255 412 2304 intima
428 2255 531 2306 videtur
543 2255 624 2307 baisse
640 2255 813 2308 lumiliaiitate
831 2257 1001 2317 coniunctns3
1021 2270 1101 2323 quare
1114 2270 1147 2305 ne
1157 2254 1234 2305 amici

133 2319 212 2385 lilio,
238 2321 323 2397 bonae
349 2324 460 2376 fortasse
484 2326 540 2392 spei
568 2326 743 2393 adolescenti,
769 2327 880 2378 consilio
900 2325 1021 2389 deesset,
1047 2325 1141 2376 absens
1161 2332 1187 2375 et
1205 2325 1233 2375 in

133 2392 307 2444 Praenestino
326 2409 389 2463 agro
407 2397 534 2448 rusticans
555 2396 604 2448 bac
623 2398 734 2463 epistola
753 2398 842 2450 inveni
873 2398 1027 2463 praecepit,
1054 2397 1096 2447 cui
1121 2396 1233 2446 maxime

132 2465 173 2513 rei
192 2471 297 2529 praeter
323 2467 523 2518 exercitationes
550 2467 652 2519 dicendi
675 2483 782 2534 operam
810 2468 872 2518 dare
890 2467 1006 2518 deberet.
1053 2465 1233 2518 saluberrimis

133 2535 207 2584 enim
224 2534 340 2587 consiliis
368 2539 535 2605 egregiisque
553 2540 700 2606 praeceptis
721 2541 789 2589 viam
811 2537 885 2605 quasi
907 2539 931 2589 ei
956 2544 1082 2588 monstrnt
1105 2545 1132 2587 et
1151 2537 1233 2587 ratio·

133 2620 207 2667 nem,
225 2621 277 2673 qua
294 2606 327 2657 ad
344 2621 407 2658 vere
425 2608 526 2661 bsamm
547 2611 634 2674 vitam,
652 2609 775 2662 adseres
792 2609 913 2672 bonores,
936 2606 968 2659 sd
985 2622 1048 2660 rere
1065 2605 1159 2674 gaudia
1173 2622 1233 2657 cer-

134 2677 238 2727 tissime
257 2678 340 2743 possit
360 2681 507 2744 pervenire
555 2679 608 2732 lam
622 2695 693 2735 ‚cum
718 2683 776 2747 ipse
803 2683 830 2731 in
851 2679 991 2730 solitudine
1016 2681 1118 2729 rmtica
1138 2676 1233 2729 litteris

133 2762 233 2797 vacare
252 2756 278 2798 et
290 2757 380 2814 poetro
399 2748 489 2817 legere
507 2750 606 2805 soleret
622 2752 689 2811 (Sat.
701 2751 768 2817 11,3,
779 2754 836 2819 11),
855 2751 920 2800 scite
938 2749 1080 2801 doctrinam
1099 2749 1235 2815 coniungit

133 2834 196 2868 curn
216 2816 330 2870 lectione
356 2819 481 2883 Homeri,
508 2837 584 2889 quem
610 2823 747 2873 certiorem
776 2830 803 2873 ct
824 2822 949 2887 aptiorem
976 2820 1067 2871 ducem
1086 2819 1119 2869 ad
1139 2827 1235 2870 rectam

136 2885 341 2955 intelligentiam
364 2893 506 2957 praecipue
535 2892 745 2944 adolescentibus
776 2908 837 2945 esse
865 2890 978 2942 ostendit
1005 2905 1081 2958 quarn
1110 2891 1234 2941 maximos

133 2960 293 3025 optimorum
315 2960 530 3028 philosophorum
548 2961 637 3015 libros.
673 2960 848 3029 Epistolarum
863 2963 988 3014 rationem
999 2969 1026 3012 et
1036 2956 1152 3012 naturam
1165 2959 1235 3010 bene

133 3038 317 3081 conservatam
345 3032 466 3093 videbis3
495 3041 635 3101 praecepta
659 3036 728 3085 enim
752 3050 806 3085 uon
824 3040 896 3084 certo
914 3032 1024 3093 ordine,
1055 3046 1107 3082 nou
1126 3032 1233 3098 praevia

133 3100 250 3168 quadam
269 3101 436 3154 meditatione
458 3103 571 3167 dautur,
600 3105 646 3157 sod
670 3106 706 3155 ita
724 3112 753 3156 ut
772 3121 807 3161 en
835 3102 958 3155 benevoli
985 3103 1062 3153 animi
1086 3102 1234 3157 abundante

133 3173 281 3293 copisasula
298 3174 372 3255 quasi
392 3182 485 3241 sponte
504 3173 603 3239 fluunt3
632 3191 723 3227 vorsus
739 3174 873 3241 simplices
891 3183 951 3226 sunt
971 3183 999 3226 ct
1015 3172 1122 3237 faciles,
1151 3174 1236 3225 ironia

134 3258 197 3294 rara
273 3258 339 3294 enos.

226 3348 256 3398 V.
277 3350 304 3400 2.
345 3347 483 3399 Praeneste
534 3346 603 3397 Flor.
622 3347 644 3412 1,
667 3350 707 3413 11,
726 3349 741 3400 7
749 3366 756 3399 z
785 3347 923 3413 ,Aestivae
945 3348 1083 3399 Praeneste
1098 3344 1234 3409 deliciae«,

135 3418 218 3490 luodis
240 3418 392 3471 Palestrina.
432 3352 569 3469 cillarrn.
590 3416 634 3482 ill,
654 3418 680 3481 4,
698 3418 741 3471 23.
787 3412 825 3469 De
844 3419 1047 3485 particularium
1070 3432 1128 3467 curn
1154 3430 1233 3482 prae

135 3498 213 3543 sente
234 3488 448 3540 adiudicandum
468 3487 632 3556 praeteritam
650 3504 705 3537 rem
722 3489 809 3539 Hand.
829 3489 899 3540 Turs.
919 3488 945 3539 T.
965 3488 997 3539 ll.
1016 3487 1123 3555 113061
1142 3485 1186 3550 ,ln
1205 3500 1234 3535 rs

134 3560 288 3630 praeterita,
307 3562 398 3628 inquit,
417 3558 543 3610 narranda
561 3557 636 3607 etde
656 3572 685 3609 re
706 3559 800 3620 lutura,
820 3558 862 3608 ubi
884 3573 934 3607 nou
953 3567 1021 3607 totus
1041 3573 1125 3607 rerum
1144 3570 1234 3606 cursus

134 3632 184 3685 sed
202 3632 294 3699 aliqua
319 3634 375 3682 eius
403 3646 462 3696 pars
485 3628 653 3694 intelligitur,
681 3628 713 3677 ab
743 3631 841 3694 optino
865 3641 969 3695 qnoque
988 3629 1114 3693 scriptore
1130 3628 1235 3692 ponitur

133 3718 273 3773 praeseus.
321 3701 447 3753 Praesens
466 3702 534 3751 enim
553 3707 597 3750 aut
616 3699 764 3749 historicum
795 3708 836 3750 est
856 3706 899 3749 aut
916 3700 1055 3763 imaginem
1077 3699 1115 3748 rei
1133 3698 1168 3748 ita
1186 3696 1236 3747 ad-

135 3774 250 3833 umbrat,
270 3780 384 3839 atquae
403 3772 540 3822 coniuncta
559 3771 641 3821 luisse
662 3779 749 3821 mente
762 3771 906 3835 cogitemus
920 3776 980 3819 ante
998 3768 1089 3820 oeulos
1107 3776 1237 3834 ponuntur

134 3846 292 3897 consociate
312 3844 466 3909 praesentia.
504 3843 586 3909 lgitnr
605 3856 672 3909 quae
690 3840 740 3891 boc
759 3839 836 3891 modo
856 3840 984 3899 dicuntur,
1003 3842 1143 3905 imaginem
1157 3839 1236 3890 exbi-

133 3918 200 3968 bent
219 3917 246 3965 in
265 3929 300 3965 se
313 3913 478 3975 conclusam,
511 3922 589 3981 atque
608 3911 734 3963 eiusmodi
758 3912 901 3962 enuntiatio
918 3912 998 3962 instar
1016 3918 1056 3961 est
1072 3913 1148 3961 nnius
1171 3909 1236 3961 sub-

134 3987 244 4039 stantivi
270 4000 322 4051 qno
349 3993 451 4050 ternpus
469 3983 612 4035 iudicetur:
647 3984 721 4035 sicuti
743 3981 812 4050 apud
833 3982 932 4033 Livium
951 3980 1032 4032 verba
1050 3982 1110 4033 donn
1125 3983 1154 4031 irs
1171 3980 1237 4032 Asia

134 4057 233 4109 bellom
248 4058 350 4121 peritur
370 4056 515 4122 exprimunt
536 4065 647 4123 tempore
670 4054 757 4105 bellis
790 4053 823 4103 el.
845 4053 928 4105 Carnu.
948 4052 969 4113 l,
990 4054 1034 4115 22,
1053 4055 1093 4106 ld.
1123 4051 1171 4113 lll,
1193 4053 1236 4113 11,

136 4130 183 4181 23.
214 4127 297 4192 Epist.
319 4125 340 4189 l,
361 4126 404 4188 19,
427 4126 465 4178 16.
492 4125 526 4187 ll,
549 4125 616 4188 1,1.
649 4129 681 4176 Α.
700 4125 728 4177 P.
749 4126 809 4177 465.
840 4127 893 4177 Sat.
913 4124 933 4185 l,
952 4126 978 4185 5,
997 4125 1039 4176 72.
1059 4156 1090 4168 -
1118 4121 1233 4191 pionirnl

135 4199 269 4252 Codicum
287 4199 426 4251 auctoritas
447 4196 531 4254 divisa
550 4205 591 4249 est
610 4199 678 4248 inter
699 4197 805 4264 planiore
825 4203 852 4247 et
868 4195 985 4263 plenius3
1009 4210 1099 4246 verum
1117 4202 1238 4260 praeter-

136 4287 218 4338 quarn
240 4268 311 4336 quod
329 4268 484 4319 scholiastes
503 4276 553 4318 tres
573 4268 677 4336 plonius
695 4267 795 4334 legisse
816 4267 911 4318 docent
930 4266 1046 4321 scholia:
1065 4264 1234 4329 manifestiori,

137 4342 266 4409 epartius,
287 4338 338 4391 boc
355 4341 460 4392 lloratio
479 4339 615 4391 dicendum
637 4340 717 4390 luisse
737 4338 812 4389 nobis
833 4338 943 4397 videtur,
962 4352 1064 4388 omnem
1079 4336 1111 4386 de
1122 4334 1235 4386 moribus

139 4421 171 4473 et
189 4415 245 4464 ritu
263 4411 406 4464 doctrinam
425 4409 507 4463 molto
530 4409 632 4462 lucilius
650 4426 683 4467 ex
711 4408 838 4483 exemplis
859 4408 1001 4460 llomericis
1023 4406 1135 4474 intelligi
1156 4418 1236 4472 posse
