3117 5042
500 420 592 484 titt.
614 424 638 485 Ι.
673 422 780 488 SAT.
803 425 854 488 tlt

231 606 308 669 lluic
329 623 425 686 pareo
445 607 551 687 paucis
571 608 724 683 contente,
747 610 881 690 quinque
903 586 1009 672 diebos

230 717 283 777 Nil
306 722 375 778 erat
394 716 427 777 in
447 716 567 781 loculis.
610 719 721 778 Noctes
742 708 896 798 vigilabat
916 716 956 780 ad
978 717 1076 799 ipsam

232 825 335 900 Mane,
355 824 551 909 dienatotum
573 826 733 889 stertebat.
775 827 826 889 Nil
847 827 905 888 fuit
925 832 1058 908 unquam
1096 858 1102 873 ›

232 933 288 993 Sic
309 933 407 1014 impar
425 933 493 995 sibi.
535 935 621 995 Nunc
643 934 755 1016 aliquis
779 934 863 998 dicat
882 926 976 999 mibi:
1013 934 1092 1012 Quid
1113 939 1170 999 tu‘i

179 1058 209 1101 so
229 1042 363 1127 Nullane
377 1041 480 1104 babes
501 1041 602 1105 ritiai
643 1043 736 1104 imino
758 1043 823 1106 elia
843 1049 874 1104 ct
893 1045 1028 1106 fortasse
1048 1045 1178 1108 minora.
1266 1095 1268 1101 .

236 1150 377 1217 Maenius
397 1123 561 1212 absentem
575 1151 704 1213 Novium
727 1169 794 1214 nrm
815 1148 977 1233 carpeneta
998 1150 1080 1235 licus
1099 1160 1151 1232 tn,

235 1258 372 1334 Quidam·
385 1254 439 1334 ait,
460 1259 589 1339 ignoras
610 1262 668 1324 tei
688 1262 729 1337 an
750 1267 785 1322 ιιι
804 1244 945 1345 ignotam
962 1260 1039 1324 dare
1061 1261 1151 1325 nobis

231 1367 337 1430 Verba
358 1370 475 1449 putas?
507 1367 638 1450 Egomet
656 1367 696 1430 mi
718 1368 855 1449 ignosco,
878 1369 1015 1432 maenius
1036 1369 1145 1452 inqm't.

230 1473 353 1565 stultam
377 1482 409 1538 et
428 1476 585 1569 inprobus
606 1475 656 1538 bic
672 1495 760 1539 amor
782 1476 1024 1565 cs't'dig'pusque
1045 1477 1157 1542 nomi.

142 1564 147 1577 ’
176 1599 207 1643 ss
236 1581 385 1647 Cum'tua
410 1566 574 1666 possideas
597 1584 695 1647 oculis
715 1585 920 1667 mala-lippias
940 1585 1093 1666 inunctis,

229 1690 293 1756 cur
313 1694 346 1755 io
369 1693 533 1756 amicorum
555 1694 640 1756 vitiis
660 1700 725 1756 tam
745 1694 847 1757 cernis
867 1704 1009 1777 sermm,

234 1804 331 1877 Quam
356 1808 411 1864 aut
432 1803 536 1885 aquila
556 1809 755 1882 auttserpeos
777 1802 987 1884 Epidauriusi
1006 1784 1239 1871 Attiti'oortrs
1313 1842 1316 1849 ,

232 1908 364 1989 Evenit,
385 1911 540 1993 inquirant
561 1911 638 1973 vitia
659 1918 693 1974 ut
712 1917 767 1973 tua
784 1922 891 1973 rursus
904 1908 941 1973 'et
962 1911 1021 1976 illi.

232 1996 414 2111 Iracundiae
434 2026 482 2080 est
505 2008 609 2100 paolo,
629 2020 729 2081 minus
750 2025 841 2099 aptus
861 2019 960 2082 acutis

177 2141 208 2187 to
235 2124 369 2189 Naribus
392 2125 499 2191 borum
523 2127 691 2205 bominum
715 2126 817 2191 rideri,
832 2127 931 2208 possit
954 2125 1093 2209 eoquod

231 2230 385 2297 {iusticias
407 2242 497 2297 tonso
517 2242 593 2326 toga
613 2234 720 2298 delinit
740 2236 872 2298 etmale
893 2236 984 2298 laxus

142 2465 223 2524 tium3
239 2477 307 2530 quac
324 2462 369 2513 ad·
381 2469 496 2513 nostram
515 2462 639 2513 rationem
656 2430 760 2514 redacta
780 2461 898 2512 efficiunt
913 2460 970 2511 iera
990 2456 1241 2513 unisonantiam.

215 2552 249 2602 V.
268 2548 311 2602 20.
336 2559 360 2601 et
380 2553 499 2624 sortasse}
519 2551 561 2602 Sic
578 2558 650 2601 recto
667 2550 788 2600 scribitur
806 2565 839 2599 ex
857 2547 975 2617 omnibns
993 2560 1075 2613 prope
1092 2545 1237 2611 codicibus,

141 2621 227 2673 altera
243 2621 323 2671 lectio
341 2622 412 2685 baud
428 2623 480 2688 sort
509 2622 603 2689 exigua
622 2622 719 2671 ta‘nlum
737 2618 893 2672 'auetomtato
919 2625 1086 2669 sustentatur.
1122 2617 1237 2684 „liabeo

142 2695 247 2760 inquit,
274 2693 336 2742 uitio
354 2692 400 2743 sed
418 2691 469 2744 aliu
488 2701 514 2743 ct
532 2694 581 2743 nisi
601 2691 678 2755 fallor
695 2693 803 2755 minora,
824 2704 876 2741 non
896 2698 966 2741 tanta
983 2689 1175 2756 vituperatione
1194 2688 1236 2739 di-

143 2764 293 2832 gna.“Sat.
317 2762 460 2827 Ι,4,130.
491 2761 511 2827 l,
529 2764 617 2825 uos.
649 2760 702 2813 lam
720 2764 758 2813 sic
775 2760 878 2812 uidetur
896 2769 974 2827 poeta
993 2774 1118 2827 pergere:
1150 2757 1235 2828 ,qood

141 2834 250 2903 quidem
270 2849 328 2884 cum
347 2833 499 2899 intelligam,
517 2850 603 2902 neque
621 2834 683 2883 mibi
702 2836 751 2900 ipsl
770 2835 878 2900 ignosco
897 2841 923 2883 ct
941 2830 1051 2883 aliorum
1064 2830 1235 2882 vitiislibcn-

141 2915 183 2959 ter
204 2906 308 2957 veniam
327 2904 388 2956 darc
406 2908 495 2975 sole03
515 2922 573 2956 nam
591 2906 659 2956 bene
676 2907 796 2972 perspexi
817 2903 904 2954 omnia
921 2899 985 2954 vitia
1004 2902 1078 2969 paria
1094 2916 1147 2952 non
1166 2916 1234 2964 csse,

140 2979 221 3030 immo
249 2975 301 3026 alis
325 2990 418 3028 severe
445 2990 599 3045 quamquam
619 2990 671 3027 uon
690 2975 804 3043 maligne
822 2974 996 3041 reprebendi,
1027 2971 1086 3024 aliis
1109 2972 1239 3035 benevole

139 3049 246 3117 mosei
268 3046 388 3099 deberes
424 3048 453 3099 ln
475 3044 526 3116 quo
555 3045 613 3097 loco
638 3062 672 3097 no
693 3048 856 3113 arrogantiae
877 3060 909 3097 ec
937 3044 1077 3112 superbiae
1103 3044 1236 3095 Horatiana

141 3135 272 3181 accuses,
294 3118 444 3170 consideres
462 3118 541 3171 velim
559 3120 679 3185 antiquos
703 3117 819 3175 homiues
840 3115 1013 3171 alienissimos
1033 3130 1137 3182 semper
1154 3115 1237 3166 laissa

142 3206 159 3243 a
180 3191 270 3241 meru
287 3189 332 3241 illa
351 3199 378 3242 ct
408 3190 527 3241 simulata
552 3186 681 3241 modestia
695 3204 757 3257 *qna
783 3197 962 3241 ommatius
982 3186 1235 3254 immeritoglsriari

140 3277 226 3330 saepe
242 3260 320 3325 solet,
339 3262 433 3313 deiude
450 3261 551 3328 Tigellii
568 3262 720 3330 vitiaque
736 3262 911 3327 vituperasset
927 3268 1007 3326 poeta
1024 3256 1171 3310 nmsolum
1184 3272 1236 3309 non

142 3332 329 3402 pervaluisse
357 3334 403 3385 sed
424 3349 492 3402 qnae
517 3341 596 3384 totam
621 3333 732 3384 bominis
756 3334 835 3383 vitam
853 3332 993 3383 remediati
1010 3338 1036 3381 et
1054 3328 1237 3396 cupiditatibus

142 3406 284 3457 obnoxium
302 3419 457 3472 omnemque
476 3420 581 3471 operam
602 3412 628 3455 ct
646 3404 760 3455 laborem
795 3404 893 3454 irritum
918 3415 1065 3468 vanumque
1089 3400 1235 3452 redderent.

141 3509 178 3519 -
199 3477 311 3529 Novium
338 3484 425 3543 potest
444 3491 503 3526 csse
523 3476 652 3527 fenerator
670 3475 768 3526 Novius
788 3490 821 3525 cx
838 3475 891 3527 Sat.
908 3473 931 3536 l,
950 3474 976 3536 6,
997 3476 1055 3523 121.
1092 3502 1126 3512 -
1159 3471 1237 3522 lisc-

65 3574 68 3579 ⁴
140 3547 215 3620 sess]
234 3546 288 3599 Sat
321 3550 372 3609 ,1,
394 3548 451 3599 101.
472 3577 505 3588 -
534 3546 679 3616 pervideas}
697 3545 778 3596 ilecto
798 3546 837 3596 sic
855 3543 959 3596 codices
981 3540 1185 3609 practerdnos,
1206 3543 1234 3592 in

142 3619 239 3687 quibus
265 3619 436 3687 possideas,
466 3617 536 3686 qnod
559 3616 652 3685 quibus
676 3616 774 3681 placuit
803 3618 1003 3682 interpretantur
1026 3611 1231 3680 prseteroideos,

140 3689 218 3740 nulla
235 3704 300 3740 sane
320 3690 472 3755 auctoritate
492 3680 580 3739 adiuti.
616 3687 754 3739 Persidem
772 3702 805 3737 eo
823 3688 881 3753 ipso
907 3686 976 3752 quod
1001 3691 1102 3734 certare
1126 3681 1231 3733 videtur

141 3776 203 3812 cnm
222 3759 303 3811 scafis
326 3759 409 3829 lippos
425 3761 537 3811 insumis
554 3756 751 3826 praeferendum
770 3765 819 3809 cst.
845 3789 879 3801 -
919 3752 1089 3825 Epidaurius}
1110 3751 1234 3818 Epidauri

143 3830 272 3899 templum
292 3830 342 3881 luit
358 3829 516 3899 Aesculapii,
535 3832 576 3885 eui
594 3831 661 3881 socri
679 3836 824 3894 serpentes.
842 3859 875 3871 -
893 3826 1047 3878 iracundior
1055 3827 1102 3894 est]
1125 3823 1232 3875 Rectius

144 3918 207 3954 esso
224 3903 360 3969 praecipit
373 3902 502 3954 bominum
521 3916 601 3969 porra
622 3902 684 3952 ritis
701 3900 829 3966 patienter
846 3897 914 3949 lcrre
934 3906 960 3948 ct
972 3894 1234 3963 ponderandisctiarp

143 3976 247 4041 magnis
267 3987 347 4039 saepe
364 3971 647 4025 virtutibus'bcnevole
665 3984 843 4037 compensare.
886 3968 941 4020 Suo
957 3970 1036 4035 igitur
1055 3980 1126 4019 more
1146 3965 1232 4017 bomi-

143 4048 184 4097 nis
205 4043 318 4112 aliquam
340 4045 477 4111 imaginem
496 4044 623 4110 exprimit,
641 4043 674 4095 ad
692 4038 951 4108 quamcllleienslsm
967 4045 1058 4105 putant
1076 4037 1232 4089 lineamenta

141 4116 272 4185 quaedam
295 4129 399 4166 suorum
417 4130 515 4166 morum
543 4116 609 4183 (Sat.
628 4113 661 4179 ll,
677 4113 705 4177 3,
722 4111 784 4164 323.
802 4144 806 4152 -
822 4111 904 4179 Epist.
923 4110 944 4173 l,
968 4115 991 4173 1,
1010 4109 1061 4161 91·
1081 4108 1102 4172 l,
1119 4109 1164 4171 20,
1183 4110 1231 4177 ab)

141 4203 205 4239 eum
221 4187 403 4238 admiscuisse.
439 4186 513 4251 Quod
531 4202 588 4237 enm
607 4183 641 4236 do
657 4186 727 4237 vitiis
747 4185 832 4251 possit
848 4182 966 4243 concedi,
985 4179 1231 4232 terruannorum

141 4267 339 4382 ldi‘iu'bl
355 4253 1053 4388 “ititlatim-:littus'ttttttttt‘
1081 4249 1231 4388 iiiiii

141 4368 270 4470 nagnam,
281 4338 381 4452 ‚mdssm
398 4400 448 4451 boc
465 4367 590 4466 tempore,
610 4344 740 4467 arlrogga'trit
758 4340 1011 4465 quanrgsingulsrenr
1030 4330 1108 4446 adimi
1129 4384 1233 4443 bonita-

141 4480 205 4537 tem,
223 4479 253 4523 ut
271 4470 350 4523 aliurn
368 4485 522 4539 quanquam
540 4470 673 4522 meliorem
694 4485 724 4521 so
741 4468 849 4520 auderet
865 4483 970 4535 negare.
992 4497 1026 4508 -
1054 4466 1137 4517 oculu
1156 4466 1232 4515 riori·

140 4542 197 4617 iss]
217 4542 312 4612 quibus
330 4537 435 4596 minimis
452 4544 528 4593 etiam
549 4538 657 4594 aliorum
677 4542 741 4593 uitia
758 4540 908 4593 odorantur.
929 4532 1149 4606 -sr'roielorus1
1172 4535 1233 4586 vide
