3117 5042
365 370 458 436 ulit.
479 373 518 434 ih·
560 370 706 437 ctum.
727 374 796 438 XV.
817 375 899 438 XVI.
1130 381 1191 442 131

484 562 686 636 Carmen
712 563 799 636 xvi.

299 727 400 789 titium
421 726 510 789 divos
534 736 627 809 rogat
648 728 680 790 iu
702 729 820 809 patenti

299 835 432 896 Prensus
455 834 602 915 Aegaeo,
622 835 711 897 simui
731 841 803 899 atra
822 835 919 899 nubes

298 939 443 1005 Condidit
463 942 567 1005 tunam
590 960 688 1024 neque
709 933 937 1026 certa'iuigent

387 1047 501 1113 Sidera
523 1051 642 1127 nautis3
881 1037 883 1044 ’

271 1199 404 1262 stitione
429 1200 511 1263 betto
534 1200 653 1263 hrriosa
676 1201 819 1281 Thrace,

302 1306 402 1372 otton
426 1303 827 1390 hottmannessum,

303 1414 468 1496 Grosphe,
489 1435 551 1478 non
572 1416 700 1498 gemmis
722 1436 820 1499 noque
847 1434 984 1498 purpura
1007 1435 1059 1479 re-

388 1524 582 1612 unicaeque
607 1541 694 1588 auro.

300 1672 368 1735 Nou
389 1673 470 1735 eninr
490 1691 592 1760 gazae
612 1690 713 1755 neuim
733 1673 906 1737 amussis

538 1850 688 1904 Carmen
713 1849 778 1905 xtt.

183 1942 274 1996 onnes
290 1943 410 1996 homines
429 1946 509 1997 otium
529 1954 555 1997 et
574 1947 739 1998 securitatem
759 1947 829 1999 vitae
847 1956 991 2017 quaerunt,
1018 1947 1065 1999 sed
1084 1948 1128 2000 nbi
1148 1964 1200 1999 uos

123 2010 250 2079 inueniant,
267 2023 340 2068 entra
358 2031 388 2066 se
407 2016 479 2082 ipsos
498 2023 536 2085 (v.
559 2018 659 2084 1-7);
685 2032 774 2069 rerum
794 2026 880 2072 autem
900 2022 980 2071 otium
995 2034 1080 2086 neque
1094 2021 1200 2071 summis

121 2080 244 2136 honoribus
265 2102 353 2155 neque
370 2086 467 2138 divitiis
486 2096 591 2154 peretur
610 2088 735 2157 (7-12),
754 2088 800 2140 sed
820 2090 845 2141 in
867 2089 1045 2141 mediocritate
1065 2097 1092 2141 et
1110 2088 1201 2141 suode-

121 2156 207 2206 ratione
224 2158 299 2208 enimi
318 2173 333 2208 u
354 2157 539 2224 cupiditatibus
555 2160 630 2209 vacui
652 2160 793 2229 (te-to).
833 2160 918 2224 Quare
933 2161 1105 2229 quidbestam
1122 2162 1200 2212 vitatu

122 2223 213 2278 tiiunde
231 2230 396 2298 quaerimus,
427 2244 485 2282 cum
504 2231 530 2279 in
549 2229 678 2280 nobismet
697 2231 760 2297 ipsis
779 2234 864 2298 posita
886 2234 920 2282 sit
939 2229 1096 2301 (ti-20)?
1137 2230 1201 2284 han

121 2294 142 2342 in
158 2298 239 2348 animis
258 2300 355 2350 nostris
373 2300 395 2349 si
416 2313 483 2367 quae
502 2301 588 2351 insunt
610 2299 704 2367 culpae
723 2309 859 2366 stouras,
888 2318 932 2352 eas
949 2302 1046 2369 ubique
1064 2299 1199 2360 nobiscum

122 2362 219 2418 fuemus
240 2369 383 2438 (tt-tt).
429 2369 600 2433 Quamobrem
622 2387 680 2421 cum
700 2387 734 2421 ne
747 2388 864 2423 summae
878 2373 981 2440 quidem
1003 2373 1108 2424 diuitiae
1122 2374 1201 2422 otium

122 2441 207 2500 possint
244 2441 345 2507 ignere,
365 2441 426 2510 quid
446 2441 485 2491 his
504 2443 571 2492 curis
590 2439 760 2493 lateremus?
794 2443 846 2495 Cur
862 2460 913 2493 non
934 2460 1000 2510 quiue
1018 2443 1110 2492 adsunt
1131 2459 1198 2509 gatt-

122 2505 156 2555 diu
171 2510 198 2559 iis
218 2455 333 2576 finimur,
351 2505 419 2579 quae
437 2511 516 2574 moia,
536 2514 566 2563 iis
586 2515 709 2579 patientia
729 2522 755 2563 et
773 2516 826 2565 risu
846 2514 999 2564 medicinam
1015 2513 1141 2581 quandam
1153 2512 1202 2563 ud-

123 2574 244 2631 hibemus?
291 2582 357 2634 Nam
386 2584 412 2634 in
439 2584 492 2633 rita
515 2582 646 2634 hominum
665 2585 750 2635 omnia
768 2601 820 2638 non
841 2593 949 2650 possunt
972 2601 1005 2634 ex
1028 2591 1089 2634 roto
1108 2583 1203 2635 cedere

123 2643 254 2718 (ii-98„
272 2653 320 2705 sed
341 2653 479 2721 qusehnic
500 2653 551 2705 iata
572 2654 711 2717 dederunt,
733 2655 771 2706 iiii
793 2664 929 2723 negarunt.
968 2654 1042 2718 erod
1063 2670 1202 2722 quamve·

122 2732 167 2769 rum
183 2723 212 2772 sit
228 2723 357 2791 exemplis
376 2723 527 2775 iliustretur.
559 2726 601 2776 Sic
621 2726 738 2792 procedit
755 2728 941 2778 sententiarum
962 2728 1058 2786 serics3
1078 2741 1201 2776 summanr

121 2798 192 2841 tutem
212 2796 331 2866 carminis
352 2797 506 2846 senteutiam
526 2796 645 2862 inuenies
664 2797 688 2847 in
708 2796 793 2848 medio
815 2813 903 2848 versu.
942 2829 974 2837 —
1016 2797 1203 2863 scriptumest

122 2873 209 2916 tannen
226 2864 256 2915 ed
267 2865 421 2932 Pompeium
440 2864 594 2932 Grosphum,
615 2868 727 2935 equitem
744 2867 886 2918 Romanum
906 2867 1078 2926 Siciliensem,
1097 2866 1130 2916 de
1150 2881 1202 2933 quo

124 2927 191 2995 Epist.
209 2933 228 2997 l,
252 2937 293 3000 12,
314 2937 359 2988 22.
407 2936 464 3000 Quo
488 2953 557 2987 anno
574 2937 639 2988 hnec
659 2938 779 2990 [loratino
798 2939 933 3004 scripserit
956 2938 1047 3004 nequit
1066 2936 1135 2998 dici,
1154 2937 1204 2986 arisi

122 3004 178 3066 quod
194 3021 223 3055 ex
240 3008 308 3078 udi
330 3006 457 3074 intelligis
476 3007 598 3059 babuisse
615 3016 718 3074 poetam
741 3017 793 3059 tum
812 3008 935 3060 Sabinum
953 3006 1097 3077 praedium.

181 3101 208 3150 V.
228 3102 252 3152 l.
272 3103 370 3172 Otium]
392 3103 473 3154 Huius
491 3102 612 3154 vocabuli
631 3106 703 3154 notio
721 3120 779 3154 cum
798 3103 924 3154 letissima
941 3104 988 3167 sit,
1006 3101 1068 3171 quid
1090 3099 1201 3168 singulis

123 3162 176 3218 iocis
191 3171 320 3239 significet
350 3188 382 3223 ex
403 3175 590 3238 sententiarum
618 3176 687 3225 omni
712 3183 739 3228 et
766 3176 952 3225 coniunctione
973 3181 1000 3225 et
1027 3172 1202 3239 discrepantia

122 3241 296 3302 insternatur
314 3250 427 3310 oportet.
476 3244 615 3296 Nemeum
634 3261 692 3296 eum
713 3246 784 3296 vitae
803 3254 895 3297 statum
923 3245 1040 3304 indicet,
1070 3259 1122 3311 quo
1140 3242 1202 3310 quid

123 3305 229 3363 iteiamus
247 3315 309 3381 quid
334 3330 384 3365 non
404 3315 528 3366 iaciamus
545 3316 571 3366 in
591 3324 680 3367 nostro
698 3317 803 3367 omnino
822 3316 918 3367 iudicio
938 3316 980 3366 vel
1003 3314 1108 3365 arbitrio
1129 3316 1203 3380 posi·

123 3384 166 3440 itti
183 3392 226 3446 cst,
245 3402 296 3452 quo
316 3384 398 3435 nullis
421 3402 454 3436 ne
470 3387 582 3437 minimis
602 3386 704 3452 quidem
728 3389 796 3437 curis
814 3395 858 3437 out
876 3389 953 3438 enimi
966 3394 1011 3437 eut
1029 3387 1144 3451 corporis
1159 3382 1202 3434 vel

123 3449 230 3504 trahimur
247 3456 280 3508 ad
299 3464 397 3507 certum
417 3472 471 3507 rem
489 3457 532 3508 vei
551 3455 723 3518 distrahimur,
744 3460 899 3508 contrarium
917 3457 967 3508 hoc
987 3455 1141 3506 vocabulum
1164 3462 1204 3505 est

123 3524 220 3587 nogotiis
237 3536 262 3577 ct
281 3529 392 3593 priuatis
412 3535 439 3577 et
457 3525 578 3593 publicis,
596 3525 676 3589 bello,
698 3530 809 3579 motibus
829 3538 854 3578 ct
872 3537 980 3579 naturae
997 3534 1023 3576 rt
1041 3526 1135 3586 enimi,
1155 3537 1203 3573 cu·

122 3588 159 3653 tit,
176 3597 419 3659 perturbationibus.
457 3598 514 3661 Quo
533 3613 626 3665 magno
635 3600 757 3666 potionis
774 3599 871 3650 ambitu
891 3614 966 3666 quam
983 3594 1091 3647 mirifice
1108 3595 1135 3643 iu
1154 3593 1203 3644 hoc

122 3665 219 3716 umine
237 3668 360 3722 Horatius
378 3684 441 3720 usus
462 3670 496 3719 sit
515 3669 577 3719 noio
597 3670 823 3734 praetermittatur.
862 3670 993 3728 Homines,
1013 3666 1105 3732 inquit,
1123 3665 1203 3714 otium

122 3744 233 3795 qneemnt
249 3748 399 3800 externum,
419 3753 505 3805 neque
526 3738 802 3806 ittudconseqnnntnr,
822 3743 881 3806 nitio
891 3742 1020 3790 internum
1028 3736 1105 3786 animi
1124 3735 1203 3784 otium

122 3814 196 3880 seque
213 3818 395 3876 cognoverunt
420 3824 507 3876 neque
533 3818 640 3875 petunt,
670 3812 730 3877 quia
755 3810 938 3876 cupiditatibus
963 3809 1091 3876 egittmtus
1117 3818 1202 3870 noque

122 3884 182 3936 tpsos
199 3893 226 3928 sc
245 3880 430 3932 infestissimos
448 3880 497 3929 sibi
518 3879 681 3931 adversarios
701 3896 760 3930 esse
779 3884 902 3933 sentiunt.
939 3882 982 3934 Sic
997 3878 1125 3934 sensim
1144 3889 1204 3956 ⁰⁰f·

122 3945 182 4005 ptris
198 3951 249 3999 otio
269 3951 302 4002 ad
325 3951 404 4002 animi
426 3951 549 4001 transitur
559 3966 583 4000 r.
599 3952 623 4003 7.
643 3982 676 3991 -
694 3951 799 4020 Aepaeo
833 3953 967 4004 Poetarum
987 3963 1058 3999 more
1078 3960 1128 3995 nou
1142 3959 1204 3993 uue-

123 4023 210 4067 versum
221 4037 288 4072 inere
301 4022 455 4085 nominarit,
476 4019 523 4074 sed
538 4020 683 4087 exemptum
703 4023 765 4072 entis
776 4039 806 4073 ce
820 4022 943 4074 ebratum.
965 4020 999 4071 ci.
1012 4019 1095 4070 Carm.
1107 4012 1203 4076 litto.

123 4080 275 4142 id—eertn
293 4093 393 4162 sidera]
416 4107 474 4150 narn
494 4091 607 4156 „ducunt
624 4091 759 4143 instabiles
782 4093 867 4143 sidera
886 4101 956 4141 certa
978 4095 1062 4141 seusu
1078 4083 1171 4137 Tibuii.
1185 4083 1204 4145 i,

123 4150 144 4214 9,
162 4155 199 4209 1⁰·
217 4192 251 4203 ·-
281 4163 390 4234 Thrace]
414 4161 476 4213 Cum
498 4163 607 4228 primum
626 4162 772 4228 exemptum
793 4171 925 4212 nautarum
943 4161 1005 4209 satis
1024 4155 1203 4222 explicetctit.

125 4228 167 4276 tono
184 4227 282 4284 demum
312 4233 431 4294 homines
458 4233 549 4283 otium⁵
566 4241 655 4298 petere
684 4233 766 4282 ediis
787 4248 843 4282 cunr
870 4233 895 4281 in
923 4229 1047 4296 periculis
1067 4234 1202 4276 versentur

124 4294 161 4354 (ci,
178 4297 255 4352 sarrit.
275 4303 296 4362 Ι,
318 4307 341 4364 1,
364 4301 501 4370 iti—18),
531 4300 638 4354 eiterum
665 4311 690 4352 et
709 4304 811 4354 tertium
836 4299 914 4358 sintiii
940 4307 1031 4350 ornutu
1061 4295 1138 4346 incide
1159 4308 1204 4342 ca-

124 4376 177 4416 mut.
197 4405 227 4413 -
254 4373 336 4445 Mede]
355 4373 453 4426 Parthi.
479 4372 514 4424 ci.
536 4372 619 4424 Germ.
641 4371 662 4434 1,
679 4372 722 4434 29,
742 4374 767 4423 t.

182 4465 209 4515 V.
227 4467 254 4519 9.
272 4469 419 4522 consularis
437 4469 524 4538 dictor]
545 4469 636 4520 summi
657 4467 784 4528 bonores3
802 4465 854 4516 hoe
873 4465 980 4531 egregie
999 4461 1115 4522 dictum,
1135 4471 1205 4527 quo·
