3117 5042
456 416 549 483 ΜΒ.
572 421 594 484 Ι.
628 420 752 484 SAT.
776 422 812 484 V.
870 466 874 473 ·
1117 430 1179 490 337

182 600 240 662 lam
265 602 342 665 sutis
362 605 424 667 est!
472 588 549 667 Ilum
572 624 626 667 ees
647 584 800 687 exigitur,
820 605 891 668 dum
910 607 992 670 muln
1013 607 1139 689 ligatur,

182 711 260 773 'l'ota
281 711 347 773 abit
367 712 452 776 bora.
497 713 573 776 diali
596 714 709 776 culices
732 731 888 796 ranaeque
910 716 1065 795 palustres

138 833 163 876 m
181 818 328 880 Auertunt
347 838 480 882 somnos.
527 821 690 884 Absentem
711 830 747 884 ut
770 830 877 885 cantat
896 818 1023 889 amiculus
1079 826 1084 838 “

182 925 277 989 lllulta
297 927 439 1006 prolutus
459 947 562 1011 ruppe
584 916 679 993 nauta
701 936 794 1012 atque
815 930 916 994 viator

183 1022 350 1115 Certatim
368 1037 490 1103 taudem
511 1040 612 1101 lessus
633 1040 767 1103 dormire
791 1012 899 1103 vietor
973 1060 976 1069 ·
1083 1064 1087 1071 ¹

181 1142 305 1225 incipit,
327 1163 365 1206 ac
383 1145 495 1208 missae
514 1154 635 1229 pastum
656 1148 829 1211 retinuwla
849 1149 950 1215 mulae
1006 1172 1009 1177 ’
1091 1231 1095 1241 ¹

179 1251 280 1314 Nauta
298 1253 390 1333 piger
411 1272 490 1316 saxo
513 1234 628 1336 religat
650 1257 812 1337 stertitque
831 1256 964 1337 supinus.
1024 1234 1027 1245 ⁵
1052 1282 1056 1289 ·

136 1374 163 1418 so
181 1359 389 1442 lemquedies
408 1361 534 1439 aderat,
557 1362 600 1423 nil
622 1381 688 1426 oum
709 1364 876 1444 procedere
898 1363 1024 1429 lintrem

180 1468 355 1545 Seutirnus3
377 1470 475 1535 donec
496 1472 676 1534 cerebrosus
698 1472 819 1553 prosilit
839 1492 917 1539 unus
1015 1478 1024 1485 “

184 1576 348 1639 demulce
369 1564 539 1660 nautaeque
560 1580 840 1662 caputlumbempue
861 1580 985 1661 saligno

180 1685 273 1746 lluste
293 1686 397 1762 dolut3
419 1694 530 1768 quarte
551 1688 606 1749 vix
628 1687 745 1750 demum
768 1689 947 1770 exponimur
970 1690 1056 1753 bora.

95 1782 97 1785 ⁸
179 1775 242 1855 Ora
263 1778 430 1875 manusque
452 1801 505 1857 tue
528 1794 675 1870 lavimus,
696 1794 847 1872 Feronia,
871 1796 1004 1878 lympba.

133 1917 159 1960 as
179 1901 267 1965 lliliu
289 1909 354 1963 tunr
369 1901 474 1983 pransi
497 1892 559 1966 trie
578 1904 719 1984 repimus·
731 1912 825 1986 abque
844 1904 977 1968 subimus

178 2009 356 2090 impositum
377 2011 462 2073 saxis
485 2011 549 2073 late
569 2011 769 2099 candentibus
794 2013 912 2075 Anxur·

173 2106 244 2179 ‘linc
265 2106 413 2180 ventrirus
437 2126 505 2181 erat
521 2120 687 2203 'Maecenas
708 2122 842 2201 optimus
863 2127 954 2201 atque

183 2226 342 2302 Cocceius,
363 2227 447 2291 missi
471 2227 598 2308 mu'guis'
613 2226 652 2288 de
673 2229 764 2290 rebus
785 2238 913 2309 uterquc

105 2385 220 2453 dignitate
238 2398 332 2457 utpote
351 2388 573 2457 exspectabuudus
594 2390 717 2452 describit
734 2407 759 2443 v.
781 2390 807 2444 9.
830 2392 989 2455 10¹,omuos
1008 2390 1187 2447 conscendunt

106 2456 212 2523 linirem,
230 2476 325 2527 omnes
344 2469 608 2528 properantscuruut
626 2468 658 2511 ne
680 2461 740 2529 quid
762 2478 864 2513 suarum
883 2478 968 2513 rerum
986 2461 1185 2529 relinqueretur.

105 2526 160 2580 lude
176 2547 317 2597 puerorum
336 2541 522 2599 nautarumque
540 2528 678 2593 conviciad
701 2532 748 2584 sed
766 2532 914 2589 sufficiebat
932 2540 1026 2599 poetae
1045 2549 1184 2599 puerorum

105 2604 211 2653 convicia
230 2603 525 2671 paucissignilicasse,
559 2611 691 2653 nautarum
712 2618 764 2654 nou
783 2612 963 2656 memorentur.
1009 2603 1079 2673 llaec
1105 2605 1185 2671 igitur

105 2672 174 2721 uerba
191 2674 243 2729 buc
261 2673 377 2743 appella
403 2683 530 2725 trecentos
549 2674 657 2738 {merim
677 2674 741 2737 obe,
758 2676 812 2726 mm
827 2677 891 2726 rutis
909 2683 1014 2726 estnon
1033 2684 1093 2727 sunt
1113 2674 1184 2726 divi-

106 2739 179 2794 denda
197 2746 268 2796 inter
286 2760 395 2812 puerum
415 2753 442 2795 et
460 2753 571 2809 nautam.
594 2776 626 2788 -
650 2745 775 2818 molum}
796 2747 848 2798 Sat.
869 2746 903 2808 ll,
923 2744 1009 2808 427.
1048 2776 1075 2787 -
1102 2756 1186 2798 nauta

104 2822 169 2879 “que
185 2815 285 2888 viator}
307 2815 412 2867 Etiamsi
433 2831 458 2867 v.
478 2817 508 2866 11
531 2815 619 2881 plures
640 2824 737 2867 nautae
755 2825 936 2880 memorantur,
954 2832 1020 2867 unus
1038 2824 1123 2867 tamen
1142 2825 1185 2869 est

105 2885 140 2947 qui
157 2885 222 2938 banc
243 2902 323 2938 unam
343 2885 487 2937 naviculam
505 2894 586 2953 regat,
606 2887 646 2935 cui
660 2887 686 2936 iu
697 2886 860 2953 imponendis
882 2895 909 2938 et
926 2886 1072 2938 bominibus
1091 2896 1184 2941 etrur-

105 2954 159 3006 u'nis
176 2959 274 3027 sedqul
295 2957 391 3009 aumlio
409 2958 518 3021 luerunt.
557 2957 645 3008 Viator
662 2966 748 3009 autem
764 2957 843 3009 mubo
861 2972 913 3009 non
935 2966 993 3022 ent,
1020 2957 1066 3011 sed
1085 2958 1184 3013 vilioris

105 3026 256 3081 condicionis
279 3028 356 3080 bomo
382 3031 427 3097 qui
445 3027 513 3079 idern
534 3029 583 3078 iter
600 3027 670 3078 lacit.
719 3028 859 3080 Mulionam
883 3031 988 3080 omnino
1014 3043 1066 3080 non
1091 3029 1185 3092 uideo;

103 3110 160 3147 unns
177 3109 259 3152 nanta
280 3100 306 3149 iu
324 3101 412 3166 quieta
429 3100 501 3150 dossa
520 3106 547 3149 et
564 3113 658 3151 navem
676 3098 744 3167 regit
762 3107 790 3150 et
805 3098 900 3151 mulam
930 3098 987 3151 loro
1006 3098 1108 3151 lintrem
1131 3110 1184 3152 tra-

102 3164 204 3222 dentem.
252 3169 307 3224 Sed
326 3185 384 3221 cum
402 3169 505 3221 lucilius
523 3170 557 3220 sit
578 3184 611 3220 ex
628 3168 705 3222 lintre
725 3170 819 3221 mulam
837 3186 914 3239 quum
935 3186 969 3222 ex
993 3169 1063 3222 mula
1081 3170 1185 3223 liutrern

103 3253 193 3306 regere,
214 3249 323 3293 nauum
341 3255 393 3292 nnn
414 3241 482 3308 apud
500 3238 597 3295 mulam
612 3240 784 3293 ambulantem
803 3249 847 3293 aut
866 3240 952 3293 mulae
969 3242 1123 3294 insidentem
1143 3244 1185 3294 via

103 3307 162 3373 deo,
180 3313 227 3364 sed
250 3315 280 3363 in
296 3312 416 3363 muricula
433 3320 543 3375 stantem
563 3325 663 3378 suaque
682 3328 748 3363 voce
766 3311 861 3365 mulum
879 3314 942 3364 satis
962 3312 1073 3364 docilem
1093 3322 1120 3364 at
1137 3330 1183 3371 as-

103 3390 193 3434 suetam
211 3386 366 3450 agitantem
416 3382 463 3435 Cui
489 3383 528 3433 rei
552 3397 586 3432 ne
603 3381 707 3435 obstare
724 3382 789 3434 illud
807 3383 915 3449 credas,
941 3384 1011 3450 quod
1038 3392 1139 3435 nautum
1157 3386 1185 3435 in

103 3457 161 3505 terra
178 3464 276 3522 postea
293 3455 431 3507 cubantem
448 3453 669 3519 dormientemquc
696 3453 828 3517 videmus,
855 3453 991 3504 considera
1014 3454 1089 3504 modo
1108 3469 1185 3522 quam

101 3519 171 3575 facile
189 3526 273 3577 luerit
302 3533 396 3575 nautae
414 3540 447 3575 ex
467 3539 533 3574 nure
554 3525 694 3577 interram
719 3523 839 3590 prosilire
860 3525 1010 3589 praesertim
1028 3526 1057 3575 iu
1075 3534 1184 3592 augusta

102 3591 181 3658 lossa;
202 3611 275 3663 quae
287 3602 318 3645 'v.
338 3597 371 3647 21
393 3611 427 3650 ne
446 3595 609 3646 cerebrosum
627 3593 731 3663 quidem
749 3593 823 3644 illum
842 3609 894 3647 uon
916 3602 1018 3645 nautum
1037 3596 1122 3660 potuit
1137 3611 1185 3646 re-

101 3665 184 3717 liuere.
871 3706 874 3715 .

161 3755 191 3804 V.
215 3755 279 3821 20.v
293 3753 348 3804 dies
368 3750 470 3824 mnu]
491 3751 587 3803 Omnes
605 3752 630 3800 in
652 3748 772 3800 navicula
792 3748 979 3812 dormirerant;
997 3762 1063 3802 unus
1081 3750 1184 3803 tandem

100 3823 177 3886 primu
196 3824 260 3876 luce
278 3820 478 3891 expergefactus
506 3821 671 3873 mirabundus
695 3836 753 3871 cum
779 3820 867 3870 rideat
883 3829 986 3873 nautum
1003 3820 1183 3886 dormientem,

99 3892 189 3945 mulam
208 3904 373 3964 pascentem,
392 3908 486 3945 nauem
505 3892 568 3943 nihil
588 3901 671 3959 prope
688 3906 860 3959 progressum,
882 3891 984 3957 prosilit
996 3892 1074 3943 iratus
1089 3903 1116 3944 et
1130 3909 1183 3945 non

97 3960 190 4015 leniter
205 3967 318 4018 suscitat
334 3973 437 4016 nauum
456 3963 561 4032 agitque
581 3963 684 4015 mulam.
703 3993 737 4004 -·
755 3961 942 4034 puurtuvborn}
965 3962 1072 4015 Romani
1090 3967 1184 4032 quovis

97 4037 154 4085 msnl
174 4034 295 4106 tempore
313 4038 340 4087 in
358 4035 463 4087 casdem
490 4034 624 4105 duodecim
653 4032 728 4084 horus
746 4033 814 4084 diem
835 4030 989 4100 noctemque
1007 4041 1059 4085 turn
1078 4033 1184 4103 longio-

95 4120 146 4158 rem
162 4115 215 4160 tum
235 4109 386 4159 breviorem
403 4105 560 4157 dividebant.
596 4105 649 4157 Iam
669 4120 728 4155 cum
744 4119 807 4155 vere
824 4104 873 4154 iter
892 4102 941 4153 lnoc
960 4104 1054 4155 luctum
1072 4109 1184 4174 sit,*quo

95 4178 208 4245 tempore
227 4189 305 4231 sexta
323 4178 379 4229 lere
391 4168 484 4233 'nostra
502 4176 566 4227 hora
584 4175 623 4226 sol
641 4177 730 4239 oritur,
747 4183 837 4242 quarta
847 4174 961 4225 Romana
978 4176 1119 4242 respondet
1130 4180 1185 4228 cir·

96 4249 155 4298 citer
172 4260 281 4309 nonme
294 4249 425 4305 decimae
439 4278 484 4307 -,
494 4248 615 4311 decoctu}
635 4248 739 4313 antiqua
756 4246 806 4298 dea
825 4244 922 4313 ltalidu.
936 4276 968 4289 -
981 4247 1101 4318 memus]
1121 4249 1184 4300 'ler-

95 4321 194 4385 uuna,
213 4325 292 4372 cuius
312 4321 445 4387 antiquum
464 4334 557 4369 nomen
571 4319 663 4385 Anxup
680 4322 756 4378 erat,
777 4318 803 4367 iu
821 4317 1008 4387 monte·posita
1027 4327 1089 4369 erat
1129 4319 1185 4371 biv.

95 4388 194 4451 ttulit,
216 4393 262 4447 18.
288 4390 404 4443 llirtrde
423 4388 474 4440 bell
503 4388 567 4440 Gull.
589 4388 656 4451 lllll,
680 4389 764 4449 15,1.
801 4388 867 4438 sisu
888 4387 1024 4440 candentia
1043 4396 1105 4440 aunt
1120 4405 1184 4456 pro-

93 4469 146 4524 pter
163 4456 366 4524 ealcem;'‘indc
384 4461 454 4512 biart.
473 4460 506 4523 ll,
525 4463 538 4509 l
559 4457 697 4525 „candidus
717 4458 834 4512 Anxur‘ff
851 4489 885 4499 -
908 4458 1042 4530 Cocceius]
1062 4461 1095 4513 tl.
1115 4461 1184 4512 Coc-

91 4535 160 4585 ceius
181 4535 218 4586 ΙΙ.
243 4533 273 4585 F.
292 4533 386 4596 Nerva,
405 4530 504 4583 consul
516 4546 538 4581 a.
557 4546 582 4582 u.
602 4530 670 4594 718,
700 4540 814 4597 proavus
831 4529 932 4581 llorvre
948 4532 1129 4597 imperatoris,
1160 4541 1186 4583 et

137 4632 249 4675 lloruttms
267 4632 298 4674 ed
314 4631 471 4682 Dillenburger.
939 4637 985 4704 ῃ
