3117 5042
366 318 430 378 aee
751 302 1053 369 ssrrsnsun
1143 382 1147 383 f

399 510 428 556 ro
448 487 552 554 euros
574 483 695 549 ludaeis
716 482 895 567 eppcderel
935 481 1032 545 Nulla
1050 479 1134 560 milri,
1154 478 1286 563 inquam,

446 595 573 678 Religio
593 600 651 655 ese
694 591 740 659 At
758 590 820 671 nti,
841 608 910 654 sura
929 589 1024 672 paulo
1046 585 1213 664 infirmior,
1233 605 1310 657 unns

444 688 621 766 Multorum.
665 700 832 782 ignosccs3
852 698 934 761 alias
955 697 1075 791 loquar.
1117 694 1256 759 nonen
1275 695 1364 757 suen

444 812 524 873 Tum
543 807 666 890 nigrum
686 823 817 869 surrexe
836 803 929 868 mihil
970 802 1065 885 Fugit
1086 801 1246 884 inprobus
1264 820 1300 864 ac
1320 818 1362 864 ue

446 916 511 981 Sub
532 916 632 979 cultro
652 914 773 996 linquit
816 911 899 976 Casu
918 910 1003 974 venit
1022 910 1132 974 obvius
1153 909 1205 983 illi

397 1043 427 1088 rs
448 1021 671 1098 Adversarius,
693 1029 744 1083 ct:
767 1023 835 1097 Quo
857 1028 889 1082 to
911 1017 1115 1100 turpissime?
1136 1035 1254 1099 uagus

445 1130 595 1193 inclamat
618 1147 706 1207 voce,
728 1134 776 1191 ct:
798 1127 886 1191 Licet
908 1126 1084 1189 antestarii
1126 1122 1197 1206 lige
1220 1142 1293 1187 vcro

446 1238 575 1320 Oppone
594 1235 773 1299 auricularia
817 1233 912 1316 Rapit
934 1234 966 1297 iu
985 1233 1054 1310 ies;
1074 1218 1193 1295 eleuet
1214 1231 1370 1313 utrinque,

448 1343 587 1427 Undique
607 1360 785 1407 concursus
821 1341 876 1406 Sic
894 1359 942 1405 nrc
963 1341 1104 1404 servant
1127 1338 1254 1420 Apollo.

798 1622 1030 1640 m

707 1862 709 1869 ,
794 1896 956 1968 Satira
986 1894 1028 1965 X.

445 2073 581 2153 seue,
604 2034 700 2162 puori
721 2079 772 2143 ris
794 2074 989 2155 manseres,
1011 2080 1097 2140 teste
1122 2038 1262 2139 eoem*

446 2181 636 2265 Deseruere
656 2189 713 2247 teo
731 2186 1017 2267 peruinceruppui
1037 2182 1124 2248 nete
1145 2180 1266 2264 festor

367 2376 443 2431 Ovid.
462 2379 493 2429 A„
511 2378 544 2436 Α.
563 2377 585 2442 l,
605 2377 655 2431 76:
675 2377 819 2446 „Cultaque
834 2377 935 2445 ,Iudaeo
954 2379 1064 2446 septima
1081 2393 1156 2429 sacra
1174 2376 1266 2445 syres,
1283 2377 1324 2429 uhi
1340 2374 1426 2441 septim

366 2463 441 2499 sacra
458 2448 526 2500 haud
545 2447 623 2510 dubie
641 2457 701 2501 sont
720 2465 790 2517 quae
806 2451 917 2517 septime
932 2448 980 2501 dic
999 2449 1134 2501 hahentur.
1153 2480 1188 2491 -
1207 2451 1297 2521 uotis}
1317 2442 1427 2499 cirene

364 2521 410 2574 sis.
446 2518 535 2571 ludaei
554 2520 651 2571 creduli
673 2529 699 2571 et
718 2519 836 2587 religiosi
854 2527 882 2570 et
899 2522 969 2573 anxii
984 2521 1012 2572 in
1030 2520 1200 2571 observandis
1214 2521 1354 2588 praeceptis
1367 2514 1427 2568 seen

362 2587 488 2641 Romanis
502 2606 582 2657 saepe
600 2598 660 2642 sunt
679 2589 800 2641 ludibrio.
836 2589 942 2643 essse
962 2590 1106 2659 t,s,100.
1134 2591 1154 2655 l,
1173 2590 1275 2656 d,143.
1294 2622 1325 2635 -
1340 2591 1386 2656 ete]
1403 2598 1427 2635 οἱ

363 2675 414 2710 usu
431 2660 581 2728 quotidiano
600 2669 627 2712 et
645 2663 819 2722 comicorum3
838 2659 934 2711 lactum
952 2675 984 2712 ex
1001 2663 1083 2712 eisne
1098 2693 1131 2702 -
1150 2663 1280 2728 infimior
1309 2656 1428 2726 „Quidni-

364 2745 421 2780 rurn
440 2733 534 2798 igitur,
566 2733 587 2782 si
617 2733 644 2781 in
662 2733 784 2798 auspiciis
804 2739 830 2782 et
850 2733 963 2782 inomni
988 2728 1148 2783 divinatione
1167 2733 1235 2785 imile
1256 2735 1262 2746 '
1282 2735 1292 2782 i
1308 2730 1379 2784 enen
1392 2741 1427 2781 st·

365 2803 514 2867 perstitiose
530 2804 580 2853 ista
599 2803 754 2869 concipiant,
771 2816 863 2853 verum
883 2801 1012 2869 dispicere
1031 2818 1083 2854 nen
1102 2805 1229 2869 porsina«
1254 2804 1306 2856 Cic.
1323 2802 1353 2853 dc
1366 2798 1426 2850 diris.

366 2870 401 2934 ll,
418 2870 462 2924 39.
483 2904 516 2914 —
536 2873 648 2924 tuasne
660 2872 748 2943 selem]
769 2873 841 2924 llaec
858 2888 963 2940 quoque
985 2881 1011 2924 et
1029 2875 1116 2925 omnia
1135 2886 1219 2942 usque
1240 2874 1272 2925 ad
1291 2873 1374 2940 liopeit
1386 2867 1427 2919 Πῦ-

365 2942 424 2993 retii
442 2951 502 2995 sunt
518 2959 571 2995 nou
591 2945 717 2995 narrentis
735 2943 783 2993 sed
800 2941 967 2995 exclamantis
986 2960 1044 2995 cum
1062 2944 1094 2995 ab
1112 2946 1210 2999 Aristio
1231 2947 1388 2997 desereretur.
1402 2965 1428 2978 -

367 3010 545 3084 uddesseries]
565 3015 719 3068 Necessario
738 3013 807 3065 idem
826 3023 867 3065 est
881 3016 927 3082 qui
946 3015 1021 3066 huuc,
1034 3015 1165 3068 hominem
1186 3016 1296 3068 vadatus
1314 3021 1375 3077 eret,
1390 3022 1428 3059 set

366 3083 443 3135 alius.
488 3085 595 3136 Videtur
619 3088 686 3136 enim
709 3084 858 3136 adversarie
877 3100 909 3136 ea
930 3094 1016 3137 aetate
1038 3086 1148 3137 licuisse
1177 3097 1351 3140 contumacem
1367 3092 1429 3137 nou,

368 3168 420 3219 que
440 3155 516 3205 citius
533 3172 576 3207 rcs
593 3155 774 3219 dirimeretur,
799 3155 904 3209 obtorto
925 3155 994 3207 colle
1012 3157 1039 3207 iu
1056 3158 1097 3208 ius
1115 3173 1216 3224 rapere.
1238 3191 1271 3201 -
1299 3151 1428 3215 eonem]

369 3221 475 3275 Vellere
498 3239 586 3277 eurem
613 3226 775 3278 admonentis
795 3234 844 3277 est.
889 3227 961 3295 Virg.
982 3227 1045 3278 Buc.
1065 3225 1093 3293 6,
1112 3226 1139 3279 4.
1176 3226 1323 3295 „solebant
1347 3223 1429 3300 tostius!

370 3308 445 3346 aures
464 3301 555 3346 tenere
575 3303 602 3347 et
617 3299 654 3347 ita
679 3296 783 3349 dicere:
810 3306 934 3349 memento
957 3298 1025 3364 qued
1043 3305 1070 3349 te
1089 3299 1153 3351 milei
1169 3301 1198 3350 irc
1218 3299 1268 3351 sile
1287 3312 1361 3351 coare
1378 3298 1430 3355 lm

370 3364 432 3429 eris,
452 3364 522 3433 quod
541 3374 582 3419 est
598 3369 746 3419 senseris
765 3367 854 3420 Scltel.
865 3398 898 3409 —
911 3367 1017 3439 Apelle]
1035 3368 1062 3418 in
1081 3370 1155 3422 cuius
1173 3370 1257 3423 tutela
1276 3377 1334 3422 suut
1348 3370 1428 3434 poelt&

831 3503 948 3556 Satira
967 3503 998 3554 X.
1088 3507 1090 3513 ’

370 3652 372 3656 ⁴
457 3604 497 3656 Ad
515 3606 715 3657 confirmandum
732 3606 802 3675 qnod
821 3615 911 3675 quarta
928 3606 1004 3659 huius
1026 3607 1085 3659 libri
1102 3608 1181 3661 satira
1199 3609 1295 3660 sactum
1314 3613 1364 3658 erat
1377 3599 1430 3652 indi·

372 3677 440 3728 cium
459 3676 491 3727 de
511 3676 611 3729 Lucilio
629 3677 749 3728 Horatius
773 3685 876 3743 practer
893 3681 960 3730 risus
981 3678 1103 3730 movendi
1120 3688 1201 3730 artenr
1220 3679 1382 3745 alienusque
1396 3685 1429 3722 rt·

369 3748 436 3814 quiri
454 3747 531 3798 docet
549 3748 643 3815 quibus
661 3748 977 3813 senseresensere,
995 3751 1113 3800 nunirum
1130 3765 1251 3817 magnoin
1269 3765 1350 3800 cumea
1365 3741 1430 3794 sollt-

370 3818 478 3868 eandam
499 3818 558 3869 esse
582 3821 608 3870 in
637 3820 695 3885 ipso
717 3818 847 3871 scribendi
872 3835 903 3870 uc
923 3820 1085 3872 describendi
1106 3836 1214 3887 genere,
1230 3837 1266 3872 ne
1282 3821 1368 3872 vitiose
1384 3826 1430 3864 W·

369 3889 460 3939 berum
481 3887 599 3941 ubertate
618 3892 700 3941 oratio
719 3896 745 3940 et
772 3886 926 3958 languescat
945 3892 1001 3963 ipsa
1034 3899 1061 3942 ct
1090 3891 1225 3950 audientes
1254 3890 1335 3943 medie
1359 3884 1430 3937 etue

371 3974 440 4010 neve
458 3959 581 4027 neglecta
598 3976 683 4011 rerum
703 3958 872 4027 locorumque
890 3961 993 4013 diversa
1014 3962 1204 4014 nature-urbani
1215 3962 1430 4019 antecessurus

371 4029 504 4081 doctrinae
524 4029 592 4082 male
611 4030 801 4083 confundentur
820 4038 859 4100 (v.
878 4033 987 4101 1-19).
1033 4033 1111 4085 Aliud
1130 4049 1234 4117 queque
1260 4035 1343 4083 vitium
1359 4020 1429 4078 lucilii

369 4102 395 4151 in
414 4115 445 4151 ea
462 4115 491 4151 rc
510 4100 600 4166 cerni,
629 4117 696 4168 quae
722 4102 754 4153 ab
785 4104 879 4168 ineptis
905 4102 993 4155 talium
1012 4119 1097 4156 rernm
1116 4103 1243 4155 iudicibus
1262 4099 1428 4160 hominumue

369 4179 443 4223 recto
464 4171 564 4238 pulchri
584 4189 663 4223 sensu
681 4172 809 4224 destitutis
829 4173 897 4224 laudi
917 4175 940 4225 ci
962 4173 1102 4237 tribuatur;
1122 4175 1209 4226 solere
1222 4190 1279 4225 euru
1299 4171 1374 4224 latinis
1384 4177 1428 4245 ver·

370 4243 442 4295 silius
453 4258 547 4311 graeca
557 4244 709 4307 admiscere,
728 4260 779 4312 qua
790 4236 889 4296 ’ratione
905 4244 968 4295 nihil
981 4261 1039 4296 esse
1058 4255 1103 4299 sut
1120 4247 1280 4297 invenustius
1298 4250 1338 4294 aut
1350 4235 1428 4291 lacere

372 4324 416 4365 aut
442 4314 621 4380 periculosius.
658 4315 742 4376 Quare
760 4331 790 4366 se
806 4331 900 4384 graeco
916 4324 1058 4382 poemata,
1084 4333 1152 4385 quae
1171 4304 1428 4368 olirn'edelesceetultt

369 4386 485 4459 iecisset,
503 4387 588 4436 erneis
606 4385 637 4436 ad
658 4394 810 4452 perpetuam
836 4386 995 4440 oblivionem
1014 4389 1151 4443 damnasse
1172 4402 1306 4457 genusque
1321 4379 1380 4436 aliud
1395 4389 1430 4427 ⁰⁰·
