3117 5042
739 364 1023 468 cnunrnurr

575 579 720 666 uanam,
741 582 865 663 surim
886 580 1104 658 antenorea,

615 689 715 758 Necte
731 709 799 753 meo
816 689 943 764 ,Ιιιιιιίιιο
963 696 1128 760 nomm.
1202 684 1204 690 ’

531 838 668 922 Pinplea
691 839 800 910 dulcis..
842 840 893 903 rut
916 840 1035 904 sinete
1055 825 1124 902 mei‘

484 964 513 1009 ιο
532 947 665 1011 Prusiam
686 946 840 1047 honoreac
861 948 941 1014 liuns
962 947 1074 1010 fidibus
1097 946 1197 1025 novis,

575 1056 662 1119 linnc
683 1056 797 1121 Lesbio
821 1073 948 1119 sacrare
968 1056 1087 1138 plectra

615 1166 722 1247 Tuque
742 1171 872 1247 masque
894 1165 1137 1284 deeetsororets

747 1331 750 1338 ⁴
767 1333 999 1363 ·“-,-···ι-

603 1494 609 1501 ’
685 1467 1065 1595 ἰιιωεηιιιιιιι
1154 1474 1226 1601 s

535 1672 625 1739 Natis
647 1675 680 1738 in
703 1676 952 1759 asumlaetitiae
971 1675 1096 1757 scyphis

536 1783 684 1865 Pugnare
702 1783 862 1848 Thracum
883 1790 948 1847 est:
973 1783 1074 1847 tollite
1096 1782 1264 1848 tartarum

579 1890 706 1970 liorem,
728 1892 992 1975 veremndanqne
1015 1885 1169 1956 namnum

618 1998 809 2081 §anguineis
831 2000 993 2083 prohibete
1014 1999 1104 2064 rixis.

501 2139 619 2219 s'Vlno
640 2163 673 2219 et
689 2139 827 2219 lucernis
849 2156 961 2219 Medus
978 2134 1122 2222 adriacas
1208 2131 1210 2140 Ι

336 2340 410 2408 agit,
437 2335 594 2389 utiamiam
612 2348 690 2401 quarn
708 2332 821 2384 iucunda
842 2334 927 2384 omnia
945 2333 1041 2386 sintin
1059 2333 1108 2385 hac
1126 2341 1215 2397 terra,
1238 2330 1316 2383 modo
1328 2321 1388 2398 ipsi
1410 2343 1443 2381 ea

336 2408 501 2480 superbene
519 2419 685 2473 spernamus,
703 2405 787 2456 amice
802 2412 975 2456 commoneat.
1003 2433 1036 2448 -
1069 2404 1194 2474 Pimplea]
1207 2415 1211 2421 ·
1223 2404 1381 2479 lilla-nisan·
1399 2406 1441 2451 est

335 2477 410 2534 muns
427 2477 553 2531 l’lrraeiae
571 2491 629 2527 cum
648 2471 722 2526 lanto
737 2473 819 2526 llusis
837 2489 921 2526 sacro.
940 2519 942 2522 .
967 2476 991 2527 Α
1013 2490 1065 2543 qno
1083 2477 1189 2527 nurnine
1208 2472 1317 2524 latinum
1339 2473 1370 2523 lit
1388 2471 1440 2522 ad·

337 2551 462 2604 iactivum
478 2546 638 2615 Pimpleius;
666 2554 826 2613 quapropter
847 2545 912 2597 nihil
934 2546 1038 2597 ridetur
1061 2555 1121 2600 esse
1146 2543 1216 2614 quod
1242 2543 1441 2611 cogatreiecta

338 2624 453 2674 omnium
470 2619 588 2670 codicum
609 2618 762 2668 auctoritate
783 2630 903 2683 graecam
922 2617 1055 2683 praeferre
1073 2617 1181 2676 sormam
1193 2615 1308 2684 Pimplea
1321 2644 1355 2654 -
1372 2629 1443 2682 pro·

337 2697 406 2763 ansi]
427 2693 470 2744 Sic
487 2687 830 2758 plurimi‚eodioes‚‘pauei.
842 2697 957 2755 aarum.
996 2686 1137 2755 Utrumque
1156 2686 1225 2737 bens
1249 2686 1363 2746 diuinum
1393 2682 1442 2735 sed

336 2761 409 2814 valet
425 2760 544 2810 codicum
561 2760 709 2809 auctoritas.
726 2787 765 2799 --
779 2757 900 2826 tonores}
922 2764 982 2808 aurit
1000 2759 1113 2809 earmina
1133 2757 1232 2826 quibus
1252 2756 1368 2806 honores
1391 2755 1445 2805 tri-

337 2832 458 2883 buuntur.
478 2829 512 2880 cl.
533 2827 617 2879 Germ.
636 2829 680 2890 tv,
699 2826 726 2888 9,
744 2827 858 2878 25-30.
885 2858 919 2869 -
947 2827 1040 2892 fidibus
1056 2831 1140 2898 meis}
1161 2828 1231 2879 nono
1249 2828 1377 2886 carmine,
1396 2825 1443 2889 ly·

338 2904 404 2965 rico,
422 2916 482 2952 nam
505 2898 632 2966 plectrum
652 2897 773 2950 lesbium
796 2905 845 2948 est.
886 2897 922 2949 'lit
945 2899 1065 2949 conlatas
1092 2897 1176 2950 Garun.
1197 2898 1244 2958 lli,
1263 2896 1308 2959 3⁰,
1330 2896 1373 2948 13.
1405 2925 1442 2941 -

338 2977 457 3043 samara]
479 2978 605 3037 perpetuo
625 2969 723 3021 honora
741 2967 878 3032 extoliere,
896 2975 925 3018 nt
943 2968 1025 3035 Epist.
1046 2969 1078 3033 il,
1101 2971 1125 3032 1,
1142 2968 1187 3021 ta.
1214 2970 1327 3033 „Versus
1348 2980 1443 3034 parum

340 3045 469 3095 concinne
488 3042 647 3106 compositus
676 3041 760 3107 (hunc
778 3038 873 3089 lesbio
893 3053 997 3090 sacrare
1014 3038 1130 3110 pisano)
1155 3040 1197 3090 cni
1229 3038 1334 3090 nnllnm'
1359 3037 1443 3089 alium

339 3109 451 3167 similem
466 3112 594 3178 reperias.
631 3109 714 3161 Cultis
735 3109 833 3160 Horatii
853 3108 959 3164 andins
979 3111 1005 3160 in
1024 3107 1214 3177 quartahuius
1233 3108 1361 3162 versiculi
1382 3108 1444 3174 syl·

286 3213 291 3218 ·
341 3183 401 3235 laba
419 3183 542 3232 desinens
557 3179 714 3230 uocabulum
734 3194 786 3231 non
803 3176 866 3231 salis
881 3176 997 3240 'iaciebat
1017 3183 1067 3231 nisi
1085 3179 1342 3247 idmonosyllaltum
1362 3187 1445 3236 esset

342 3251 503 3305 Vocabulum
525 3248 633 3316 longius
648 3255 752 3316 praeter
772 3250 842 3301 dane
862 3249 954 3303 Lesbio
974 3252 1062 3303 inueni
1079 3251 1164 3304 semel
1181 3252 1215 3317 ll,
1235 3249 1447 3317 saisisca-

340 3338 427 3376 mann.
443 3320 512 3389 apud
529 3320 624 3372 Frank.
642 3335 667 3387 p.
678 3319 754 3396 ²³⁹5
884 3325 886 3328 “
1345 3339 1348 3344 ·
1372 3355 1374 3358 .

760 3432 906 3489 Carmen
923 3438 1028 3491 xxvtt.

376 3563 380 3570 «
411 3534 444 3588 lit
460 3529 538 3596 nono
550 3533 663 3584 carmine
680 3530 756 3583 huius
779 3530 838 3583 libri
857 3534 896 3583 sic
915 3533 967 3584 hoc
985 3548 1098 3603 quoqne-
1109 3535 1137 3590 in
1155 3533 1268 3586 medium
1290 3533 1448 3586 convitium

338 3605 374 3659 ab
393 3605 500 3659 lloratio
519 3604 655 3658 atsmicis
670 3601 833 3653 celebratum
852 3602 977 3656 ducimur.
1019 3603 1058 3657 lbi
1083 3619 1141 3655 enm
1162 3596 1306 3656 iervidiore
1327 3604 1446 3656 Falerno

339 3676 416 3729 ualidi
437 3678 497 3727 lacti
518 3673 622 3726 sodales
641 3688 656 3724 a
674 3674 765 3740 iurgiis
783 3672 817 3723 ad
835 3674 977 3725 certamina
995 3675 1188 3741 pervenissent,
1207 3676 1292 3742 surgit
1310 3675 1449 3738 Horatius,

339 3749 384 3815 qui
403 3747 599 3799 vehementiora
618 3746 679 3795 rino
697 3743 857 3795 abstinuerat
877 3743 953 3811 (vida
972 3757 998 3794 v.
1017 3746 1076 3814 9),
1101 3754 1263 3814 revocatque
1280 3745 1391 3797 sodales
1414 3743 1448 3797 ad

340 3817 458 3869 ordinem
477 3826 504 3869 et
523 3817 682 3868 amicitiam
707 3813 826 3884 Pugnare
845 3815 871 3864 in
891 3815 1020 3867 conviviis
1040 3826 1067 3869 et
1084 3816 1180 3882 poeula
1197 3819 1224 3867 in
1245 3831 1449 3868 armaconrer·

341 3896 398 3939 tore
416 3888 582 3940 barbarorum
610 3894 638 3938 et
659 3884 776 3951 iecorum
803 3883 934 3938 hominum
953 3894 991 3949 (r.
1010 3888 1036 3938 a.
1056 3889 1113 3951 53,
1139 3902 1192 3938 non
1206 3887 1394 3939 'Romanorum
1422 3894 1451 3939 et

341 3953 471 4010 cultorum
493 3972 553 4009 esse
571 3956 642 4021 dicit,
658 3965 714 4007 num
728 3956 790 4006 inde
810 3970 825 4005 a
847 3957 924 4006 tertia
941 3956 1059 4024 stropha,
1079 3966 1219 4025 postquam
1239 3957 1344 4010 duabus
1361 3974 1449 4027 supe·

342 4027 461 4096 nuditus
473 4042 548 4079 auras
566 4035 593 4079 ot
610 4029 711 4079 animos
732 4026 890 4096 omniurn-in
911 4040 940 4077 ae
958 4041 1059 4096 suaque
1070 4028 1152 4084 verba
1163 4030 1304 4092 conuertit,
1323 4044 1379 4096 quo
1402 4029 1446 4082 ia.-

343 4094 420 4147 cilina
438 4098 565 4150 conuiuae
584 4099 647 4149 iram
666 4095 870 4156 obliviscantur,
889 4095 976 4148 subito
993 4098 1070 4150 aliam
1087 4115 1142 4150 rem
1162 4099 1255 4151 obiicit
1267 4101 1348 4154 ,rinae
1367 4099 1450 4167 plane

344 4167 500 4237 contrariam
515 4183 624 4236 eamque
644 4169 680 4218 ita
697 4168 816 4227 instituit,
837 4175 865 4217 ut
885 4182 932 4234 per
952 4169 1032 4221 risum
1052 4170 1176 4222 stlocum
1190 4185 1258 4238 pace
1271 4170 1448 4222 reconciliata

342 4236 378 4288 ad
398 4234 551 4300 hilaritatem
573 4253 663 4290 omnes
680 4235 775 4288 leniter
794 4245 880 4302 cogat
941 4274 943 4278 -

417 4324 447 4374 v.
467 4323 492 4376 3.
509 4325 728 4390 suffunduntque
748 4324 889 4394 Raecium]
912 4324 946 4375 et.
965 4324 1050 4376 Garm.
1069 4325 1091 4392 l,
1114 4327 1156 4390 18,
1175 4328 1200 4380 7.
1235 4327 1321 4395 Epod.
1342 4331 1386 4392 11,
1407 4329 1450 4381 13.

344 4392 507 4455 verecundia
523 4401 608 4460 antem
636 4410 668 4446 ea
694 4396 777 4445 virtus
801 4401 842 4445 est
867 4409 934 4461 qnae
958 4405 1073 4447 nostram
1100 4396 1266 4466 aliorumque
1310 4401 1316 4412 '
1356 4400 1449 4452 itatem

345 4472 417 4515 vetat
441 4479 475 4516 na
500 4462 641 4515 laedamus.
676 4495 707 4528 -Ι
742 4465 886 4534 prohibete]
922 4465 988 4518 Vide
1012 4466 1114 4535 Zumpt.
1142 4484 1182 4536 gr.
1201 4467 1247 4522 lat.
1265 4472 1294 4534 ς.
1316 4415 1354 4521 {n
1374 4507 1381 4522 .
1413 4500 1446 4512 -
