3117 5042
464 401 616 467 bruti.
659 399 772 467 SA‘l'.
794 401 875 464 vrit.

212 562 248 650 si
268 584 414 660 min,
434 582 575 662 vrum·
589 602 657 647 ωιι
680 580 816 646 sevon
837 580 1006 648 mouent

210 694 367 771 Vibidius,
388 709 465 775 ques
486 690 651 757 blaeceuas
670 690 847 755 adduam
862 690 1000 755 umbras.

209 802 424 883 boemones,
439 807 510 863 erat
527 817 621 883 super
638 800 756 881 ipsun,
772 799 904 863 Porcius
925 799 1026 876 inira,
1052 840 1057 849 -

211 909 369 1003 liidicrrlus
388 902 473 971 totas
492 908 583 971 simul
605 908 774 972 obsorbere
792 908 964 989 pueros
1073 986 1077 999 ⁸

164 1035 194 1081 us
214 1019 424 1081 Nomentanus
443 1015 484 1081 sd
506 1015 585 1096 born·
596 1016 648 1099 qut
665 1015 695 1079 si
714 1016 789 1099 quid
813 1017 901 1085 forts
917 1017 1048 1095 lateret,

215 1125 320 1189 ludiee
338 1129 531 1205 monstraret
551 1123 670 1206 digito:
688 1142 764 1225 'oum
788 1133 895 1190 estem
916 1123 1026 1203 turba,
1107 1160 1119 1175 ι

133 1338 206 1408 cire]
229 1293 281 1391 Sat
300 1337 333 1402 11,
351 1339 494 1404 2,106.-
512 1341 630 1405 summm
647 1342 704 1412 eye]
724 1340 783 1405 Quo
800 1339 892 1393 ordine
908 1302 1076 1392 secubuerint
1096 1339 1225 1393 eenrlrae

133 1424 165 1460 ex
184 1408 234 1462 bre
252 1408 340 1462 tabula
356 1409 477 1462 uidebis:
644 1408 648 1415 '
720 1450 724 1457 ,

581 1477 681 1561 llsdius
700 1477 784 1531 lectus

514 1579 820 1802 ι·

1002 1953 1029 2076 ἓ

1003 2078 1022 2204 ἓ

1005 2372 1023 2397 .

136 2568 165 2629 1)
182 2566 332 2618 Fundanius
350 2568 381 2635 2)
402 2567 493 2618 Viscus
511 2567 542 2637 3)
561 2567 654 2618 Varius
671 2565 847 2636 diservilius
874 2567 905 2689 51)
923 2563 1044 2617 Vibidius
1072 2561 1104 2630 6)
1122 2561 1228 2613 blance·

134 2652 181 2690 uss
201 2638 230 2706 7)
250 2637 426 2689 Nomentanus
446 2638 476 2707 8)
496 2636 652 2691 Nasidienus
670 2638 700 2707 9)
720 2639 836 2691 Porcius.
898 2651 913 2687 u
933 2651 985 2703 quo
1006 2633 1096 2687 ordin'e
1113 2632 1164 2683 boe
1184 2632 1229 2681 in-

134 2717 233 2761 certum
254 2707 422 2776 relinquitur,
450 2716 533 2759 utrum
559 2710 654 2762 Viscus
673 2710 816 2760 secundum
842 2716 869 2760 et
886 2708 978 2763 Varius
995 2706 1098 2771 tertium
1117 2702 1230 2754 tenuerit

134 2795 168 2831 sn
187 2786 277 2830 contra
296 2780 389 2832 Viscus
410 2780 513 2831 tertium
535 2789 561 2831 et
579 2780 670 2831 Varius
684 2780 834 2831 secundum.
871 2777 940 2845 lderu
959 2775 1096 2829 dicendum
1114 2774 1148 2825 da
1168 2789 1230 2823 um-

134 2850 189 2905 ltris
218 2850 382 2904 lluecenatis.
428 2850 528 2902 bledius
556 2849 640 2903 lectus
669 2853 780 2903 maxime
806 2852 947 2902 bonoratur
974 2847 1137 2899 nobilissimo
1161 2846 1230 2895 inter

135 2923 262 2973 convivas
280 2924 337 2974 viro
355 2924 465 2989 eiusque
484 2921 820 2985 comitibus·tribuebstur;
838 2936 920 2990 quare
935 2919 1072 2977 Maecenas
1093 2918 1119 2967 in
1138 2915 1228 2966 ultimo

135 2991 197 3044 loce
216 2992 292 3044 medii
312 2993 383 3057 lecti,
403 2993 446 3059 qui
466 2991 540 3043 locus
555 2992 699 3044 consuleris
710 2992 900 3060 appellabatur,
919 2989 1096 3043 accumbebat
1120 2989 1230 3041 streete

133 3080 190 3117 rem
209 3065 362 3116 instituisset
385 3061 539 3115 Nasidienus
568 3062 704 3132 septimum
735 3065 824 3115 locum
840 3063 984 3115 Maecenati
1007 3061 1151 3128 proximum
1173 3058 1229 3120 eibi

136 3133 409 3195 servare-debuissem
431 3150 508 3201 quem
523 3150 568 3185 cur
580 3134 741 3187 Nomentano
761 3134 869 3197 dederit·
879 3133 1043 3184 manifestum
1062 3138 1103 3182 est
1120 3146 1152 3181 ex
1166 3144 1230 3180 ver-

46 3242 60 3265 .
134 3222 166 3258 su
183 3205 227 3257 25.
239 3234 274 3246 -
298 3205 385 3258 Viscus
402 3205 540 3276 Thurinus]
563 3202 664 3258 Thuriis
683 3205 815 3270 oriundus,
832 3204 952 3256 diversus
970 3219 985 3255 s
1002 3203 1087 3257 iliacis
1106 3199 1229 3254 iratribus

135 3277 180 3345 qni
200 3276 254 3329 Sat.
274 3273 295 3341 1,
315 3275 356 3341 10,
375 3276 412 3330 83
430 3277 601 3328 nominantur.
624 3309 661 3347 -.
685 3277 809 3348 Servilio]
830 3276 910 3328 tribus
928 3273 1037 3341 syllabis
1057 3274 1230 3342 pronuntian-

135 3347 206 3398 dum.
241 3377 276 3389 -
306 3363 367 3414 quos
385 3347 538 3418 Maecenas]
560 3347 655 3414 Optimi
674 3348 779 3403 codices
797 3364 874 3416 quos,
899 3346 969 3416 quod
987 3346 1091 3414 quidem
1112 3360 1127 3396 a
1145 3342 1230 3394 scriba

133 3418 211 3470 bimis
230 3419 307 3469 anxio
327 3415 520 3469 consuetudinis
540 3417 636 3469 latinae
654 3420 680 3469 in
698 3436 762 3485 quos
783 3426 906 3474 mutatum
925 3416 1035 3469 videtur.
1055 3446 1088 3460 -
1114 3414 1229 3481 umbras]

135 3491 246 3541 comites
264 3503 279 3538 s
297 3487 401 3545 dunrino
422 3503 521 3539 coenae
538 3502 590 3552 non
609 3490 740 3543 invitatos.
777 3489 859 3557 Epist.
879 3487 899 3553 l,
919 3489 946 3550 5,
964 3488 1007 3541 28.
1027 3517 1062 3528 ·-
1086 3486 1230 3537 Nomenta-

133 3565 196 3684 Nm]
215 3560 280 3682 Satil
293 3559 313 3623 l,
330 3561 359 3680 ἐ,
379 3554 438 3621 lot,
475 3559 581 3611 Porcius
598 3558 752 3625 publicanus
772 3558 919 3643 appellatur
938 3556 1007 3625 apud
1023 3554 1121 3609 Comen.
1141 3552 1231 3622 cinq„

157 3647 235 3683 omen
281 3646 312 3682 us
347 3646 495 3682 ecumauus.
949 3671 955 3677 .

207 3735 239 3787 V.
258 3734 303 3787 24.
330 3735 418 3803 simoi]
436 3736 480 3788 Sic
498 3734 607 3803 plurimu
624 3748 684 3802 pars
702 3733 828 3784 bonerum
848 3731 966 3784 codicum
982 3736 1070 3799 neque
1087 3730 1165 3782 video
1184 3745 1231 3780 eur

135 3806 204 3858 baec
222 3805 303 3857 lectio
322 3807 395 3857 alteri
413 3807 491 3858 semei
511 3806 594 3859 cedat.
635 3805 706 3858 Dicit
721 3804 789 3855 enini
813 3805 946 3866 Porcium,
963 3802 1107 3854 voracitate
1123 3800 1232 3867 reliquis

135 3887 165 3930 ut
183 3876 336 3930 ostenderet
352 3893 428 3945 quam
444 3879 496 3929 sirrt
513 3878 638 3945 egregiae
656 3874 813 3943 plumentae,¹
830 3883 907 3938 tetes,
927 3875 953 3925 in
970 3881 1056 3941 partes
1075 3887 1128 3924 non
1146 3870 1233 3923 disse-

135 3957 211 4011 ctas,
242 3946 418 4000 absorbuisse.
449 3948 629 4016 §inteligitur
647 3948 715 3999 beno
734 3946 839 4012 ponitur
859 3953 947 3997 contro
966 3954 1048 4009 totas,
1078 3950 1107 3995 ut
1124 3941 1233 3994 eandem

138 4019 239 4071 liabens
259 4021 518 4087 sententiamquam
542 4021 569 4071 in
588 4018 670 4070 altera
688 4016 801 4075 lectione
818 4017 896 4070 aunei
912 4016 1053 4068 adversarii
1070 4015 1158 4066 inesse
1176 4013 1235 4064 aie-

134 4091 208 4141 bant.
247 4089 406 4142 [dubitationi
426 4091 509 4159 magis
529 4090 659 4141 obiectum
679 4097 718 4141 est
738 4088 862 4140 iudiciuin
881 4088 913 4139 de
925 4088 1030 4139 diverse
1041 4087 1155 4137 lectione
1169 4098 1237 4134 rer-

135 4161 231 4213 borum
252 4161 390 4213 absorbere
409 4169 436 4211 et
455 4162 611 4225 obsorbere,
638 4169 749 4229 utraque
766 4166 788 4210 2¹
799 4158 874 4211 bonis
893 4156 1026 4210 codicibus
1047 4155 1236 4208 commendata.

134 4231 207 4285 lllud
226 4239 313 4283 tumen
332 4231 392 4284 ideo
404 4231 578 4300 .praetnlimus
599 4247 634 4283 ne
652 4232 759 4299 egregia
780 4230 939 4298 comparatio
959 4229 1064 4297 gulouis
1082 4242 1140 4279 cum
1157 4225 1236 4278 meris

133 4304 241 4372 gurgite
258 4300 399 4369 perdatur,
429 4302 509 4355 adiuti
528 4303 587 4356 loeo
606 4302 740 4355 Ciceronis
758 4299 824 4354 Phil.
848 4300 880 4365 ll,
900 4301 943 4364 27,
963 4299 1017 4352 67:
1038 4299 1174 4365 „Oceanus
1193 4296 1239 4347 uix

135 4374 241 4427 ridetur
257 4382 298 4427 tot
318 4390 371 4439 res,
391 4383 441 4426 tenu
460 4374 614 4427 distantibus
636 4376 662 4425 in
684 4372 749 4424 loeis
770 4373 867 4439 positas
885 4381 936 4423 tam
954 4373 1006 4422 cito
1025 4368 1167 4421 obsorbere
1183 4382 1236 4434 po·

136 4449 248 4499 tutores
276 4477 309 4489 -
339 4463 402 4497 som
429 4455 518 4496 cetero
534 4446 620 4513 turbat
650 4444 825 4509 Nomentanus
850 4458 941 4495 omnes
967 4438 1182 4515 cibosqlsutlsbet
1201 4437 1237 4489 ob

137 4516 273 4573 insolitum
293 4522 398 4585 muni
419 4524 446 4567 et
465 4531 559 4569 nouam
577 4530 628 4584 qua
647 4524 735 4568 essent
755 4516 836 4582 parati
857 4516 998 4579 rationem
1031 4514 1107 4565 cuius
1133 4509 1239 4580 quidem
