3117 5042
756 375 1038 440 casuruuu
1150 351 1153 354 ’

552 553 690 618 Gadibus
710 555 821 640 iungas
844 565 875 618 et
896 563 1023 640 uterque
1044 558 1163 620 Poenus

637 662 763 726 Serviat
786 664 848 728 uni.

553 836 672 899 Crescit
692 837 859 918 indulgens
880 837 938 899 sihi
958 837 1043 899 dirus
1064 837 1199 919 hydrops

551 946 613 1007 Nec
634 945 715 1008 sitim
739 946 846 1026 pelht,
869 946 930 1007 uisi
950 964 1043 1007 causa
1061 946 1158 1008 morbi

499 1070 527 1113 rs
547 1052 675 1134 Fugerit
696 1055 783 1115 venis
806 1060 836 1115 et
859 1072 994 1136 aquosus
1016 1053 1088 1115 alltc

632 1157 773 1242 Carpere
794 1162 937 1243 languor.

552 1334 714 1400 Redditum
738 1334 814 1411 cyri
837 1335 915 1397 salia
937 1334 1091 1397 Phraaten
1153 1393 1156 1398 4

553 1441 714 1504 Dissidens
735 1442 817 1523 plebi
840 1460 967 1504 numeru
990 1441 1147 1504 beatarum

554 1548 670 1612 Eximit
692 1550 791 1612 virtus
811 1551 1014 1632 populumque
1037 1550 1125 1613 falsis

500 1675 530 1718 aa
629 1657 765 1720 Dedecet
786 1658 832 1722 uti

553 1834 711 1913 Vocibus,
731 1852 859 1914 regulum
880 1840 911 1895 et
930 1832 1072 1896 diadema
1092 1835 1188 1900 tutum

553 1942 704 2004 deterens
724 1942 777 2005 uni
798 1941 1016 2023 propriamque
1036 1940 1174 2015 laurum,

553 2049 697 2133 Quisquis
719 2048 862 2132 ingentes
883 2050 972 2112 oculu
994 2049 1141 2111 irretetis

635 2156 764 2239 Spectat
785 2172 925 2220 acervas.

355 2353 544 2405 animadvertas
557 2354 635 2404 velim
650 2353 894 2421 amplificationem
913 2354 936 2404 si
955 2352 1011 2406 lid.
1028 2360 1117 2403 remct.
1131 2351 1195 2403 Gad.
1214 2351 1308 2418 iaapcs
1328 2358 1357 2400 et
1378 2359 1456 2400 urer-

355 2441 403 2491 pue
421 2425 499 2475 l'oeu.
517 2442 584 2476 sera.
605 2427 665 2488 uui;
685 2424 775 2476 cadem
797 2441 839 2476 res
858 2425 1011 2475 exdiversis
1031 2423 1145 2489 partibus
1165 2420 1316 2472 collustrata
1335 2422 1456 2470 animam

354 2496 438 2560 magis
459 2504 555 2548 innovet.
599 2495 628 2547 ln
650 2511 700 2564 qus
719 2496 778 2547 loco
798 2506 822 2547 et
841 2503 906 2561 part.
926 2497 1118 2545 consecutivam
1136 2508 1212 2560 quam
1231 2491 1342 2542 dicimus
1364 2489 1456 2541 iacul-

355 2573 433 2615 tatcm
452 2576 525 2617 nacta
547 2575 601 2629 est;
631 2582 711 2634 quare
731 2567 905 2633 prosaoratia
924 2568 980 2616 sic:
1009 2567 1055 2628 „si
1081 2564 1187 2629 Libyam
1207 2565 1313 2614 remotis
1335 2559 1455 2612 Gadibus

355 2636 458 2702 iungas,
476 2639 514 2688 itu
531 2646 558 2688 ut
575 2647 601 2688 et
611 2637 839 2704 Karthaginienses
860 2636 1080 2703 etllispauienscs
1100 2635 1178 2686 Poeni
1191 2633 1238 2684 tihi
1255 2636 1297 2683 uni
1308 2635 1455 2683 serviant!

355 2705 485 2772 liartlragu
506 2706 630 2758 ditissima
649 2708 711 2759 slim
731 2708 791 2760 urbs
811 2707 860 2758 fuit
879 2716 984 2774 propter
996 2714 1173 2772 mercaturam,
1192 2705 1281 2756 Africa
1301 2705 1360 2771 ipsa
1380 2705 1455 2753 lera-

355 2777 461 2827 cissima
480 2778 591 2844 frugum,
611 2777 706 2828 dciuda
723 2779 846 2844 llispauia
861 2778 1022 2829 metallorum
1043 2777 1137 2844 opibus
1157 2775 1309 2838 celebrata3
1336 2777 1455 2825 coniun-

355 2855 412 2898 ctae
429 2848 570 2899 avidissimi
592 2848 702 2900 hominis
723 2850 835 2900 animum
855 2849 962 2916 explere
983 2857 1110 2915 poteraut.

426 2946 457 2993 V.
481 2944 521 2995 ld.
547 2945 695 3012 „Cupiditas
715 2947 783 2997 enim
803 2947 830 2996 in
849 2944 905 2995 dics
924 2945 1020 2997 crescit
1037 2960 1123 3011 neque
1140 2958 1252 3010 unquam
1270 2945 1455 3011 restinguitur,

356 3021 396 3077 et,
415 3015 483 3083 quud
503 3024 544 3066 est
562 3018 754 3082 turpissimum,
772 3031 824 3084 qua
845 3016 934 3078 ducit,
955 3015 981 3066 id
999 3030 1032 3066 nc
1050 3015 1145 3066 honum
1164 3013 1267 3081 quidem
1290 3023 1331 3065 est
1362 3024 1454 3066 aare.nt
1543 3063 1544 3066 ,

355 3086 398 3136 Sic
416 3086 556 3136 cohaerent
574 3102 641 3153 quac
661 3095 812 3154 sequuntur.
832 3117 865 3129 -
883 3086 1031 3155 indulcans]
1053 3083 1231 3152 indulgend03
1255 3085 1298 3151 qui
1319 3087 1454 3152 participii
1543 3084 1544 3156 ᾗ

358 3170 419 3206 usus
437 3156 505 3221 apud
518 3157 630 3208 Graecus
652 3158 884 3224 frequentissimus.
920 3156 961 3208 Da
979 3158 1092 3222 imagine
1110 3156 1170 3223 lege
1181 3155 1249 3206 hunc
1264 3155 1352 3206 Ovidii
1365 3156 1455 3208 lacum
1542 3209 1543 3212 ,

356 3223 425 3275 Fast.
445 3225 465 3288 Ι,
483 3228 598 3292 amen:
617 3228 675 3292 „Sic
686 3228 779 3296 quibus
798 3228 918 3279 intumuit
939 3227 1035 3278 suffusa
1055 3236 1146 3278 venter
1163 3225 1195 3277 ab
1214 3226 1290 3288 unda,
1312 3227 1372 3290 Quo
1392 3228 1455 3293 plus

356 3304 416 3345 sunt
436 3304 521 3361 potae,
541 3295 600 3362 plus
620 3300 740 3348 sitiuntur
761 3306 869 3365 aquae.“
888 3298 921 3348 cl.
941 3297 1023 3364 Epist.
1044 3297 1078 3359 ll,
1099 3298 1125 3360 2,
1147 3297 1204 3348 147.
1244 3325 1271 3338 -
1311 3300 1397 3368 senis}
1418 3297 1454 3349 de

356 3367 445 3417 intima
461 3373 534 3431 parta
552 3367 677 3434 cuiusque
695 3370 741 3418 rei.
762 3368 817 3419 Oic.
837 3368 913 3419 Catil.
932 3370 953 3430 Ι,
973 3368 1015 3429 13,
1027 3368 1180 3421 (th-nida
1194 3373 1314 3436 corpore]
1335 3368 1453 3419 adiecti-

331 3451 415 3486 -vum
435 3439 629 3504 npclqnmuic
651 3440 760 3504 positum
771 3457 780 3502 ς
807 3453 858 3507 quo
878 3441 904 3488 in
925 3454 1023 3505 genere
1044 3440 1136 3489 iterum
1154 3440 1222 3488 inest
1241 3452 1365 3502 magnum
1383 3455 1454 3506 pne·
1542 3481 1543 3490 ,

355 3514 437 3558 tarum
456 3506 590 3558 brevitatis
606 3510 725 3559 studium.
746 3539 782 3551 -·
804 3510 944 3581 Phraaten!
967 3509 1089 3560 Phraates
1112 3508 1147 3561 lv
1167 3524 1183 3558 a
1201 3507 1300 3559 Parthis
1323 3510 1453 3575 expulsus

355 3592 379 3628 a.
402 3594 427 3627 u.
446 3577 498 3630 724
516 3577 667 3642 Scytharum
687 3594 738 3647 ope
758 3580 785 3629 iu
804 3596 912 3645 regnum
930 3583 1063 3630 restitutus
1080 3587 1129 3631 ast.
1178 3578 1242 3629 Vide
1261 3577 1347 3629 Garm·
1368 3581 1389 3643 Ι,
1407 3581 1453 3640 26,

258 3678 266 3693 .
354 3645 420 3715 dsq.
443 3680 471 3691 -
493 3649 618 3701 dissideas
632 3649 710 3719 pieta]
733 3649 816 3701 Verba
837 3649 979 3718 pugnandi,
1000 3649 1132 3714 certandi,
1151 3649 1246 3699 similia
1262 3663 1309 3698 cur
1330 3664 1345 3699 a
1365 3652 1452 3717 poetis

355 3734 435 3785 saepe
454 3735 511 3770 cum
530 3719 618 3771 dativa
637 3722 827 3787 coniungantur
849 3722 947 3790 (Caum.
969 3720 1002 3785 ΙΙ,
1019 3721 1045 3784 6,
1068 3721 1109 3772 15.
1135 3722 1189 3772 Sat.
1208 3719 1228 3775 Ι.
1248 3721 1273 3782 2,
1293 3718 1335 3770 73.
1375 3720 1452 3774 Ouid.
1541 3783 1542 3786 Ἴ

355 3789 414 3841 liet.
437 3788 457 3854 l,
478 3790 533 3852 19),
552 3790 705 3858 intelligitur
723 3808 755 3842 ex
774 3793 805 3842 iis
826 3807 894 3858 quae
916 3806 994 3857 supra
1012 3792 1108 3856 scripta
1129 3789 1237 3841 suntad
1257 3805 1284 3840 v.
1306 3789 1332 3844 6.
1367 3792 1401 3841 ci.
1417 3791 1453 3841 ad

354 3858 439 3910 Caum.
461 3859 482 3923 Ι,
502 3862 527 3922 3,
549 3862 589 3913 13,
609 3891 641 3902 -
665 3862 777 3932 nucibus]
799 3862 893 3929 quibus
913 3861 1025 3928 populus
1048 3863 1171 3913 Phraaten
1193 3869 1219 3911 et
1237 3859 1336 3911 similes
1359 3862 1451 3912 beatas

354 3930 493 3994 praedicat.
515 3930 549 3981 ci.
570 3933 621 3984 Sat
641 3930 750 3996 1‚1‚65.
769 3965 801 3975 -
819 3935 964 4002 propriam]
985 3941 1144 3999 perpetuam.
1163 3933 1214 3984 Sat.
1233 3930 1268 3991 11,
1285 3931 1311 3992 6,
1323 3932 1347 3982 5.
1367 3932 1449 3999 Epist.

355 3999 376 4060 Ι,
398 4001 438 4061 17,
452 4001 477 4055 5.
499 4001 532 4064 ΙΙ,
551 4004 576 4063 9,
595 4002 653 4053 172.
674 4032 706 4046 -
729 4002 841 4072 inermem}
863 4005 983 4069 quoniam
1004 4005 1080 4054 etiam
1099 4002 1131 4052 de
1153 4000 1338 4068 cupiditatibus
1359 4004 1452 4054 triam-

356 4067 456 4134 phatur.
484 4102 516 4111 -
547 4074 680 4142 irretcrte]
703 4075 813 4140 Sapiens
834 4073 901 4124 adeo
920 4075 1062 4124 contemnit
1087 4073 1201 4134 divitiam
1228 4073 1355 4123 maximas
1374 4075 1451 4124 etiam

356 4138 458 4203 placido
478 4142 563 4196 anima
584 4144 725 4209 praeterire
746 4152 771 4194 et
790 4145 825 4194 ita
847 4152 933 4210 potest
951 4145 1050 4207 videre,
1068 4151 1097 4193 ut
1115 4158 1149 4194 ne
1168 4142 1271 4194 oculum
1288 4143 1394 4209 quidem
1404 4157 1452 4193 re-
1540 4153 1541 4156 ’

358 4217 483 4275 torqueat.
503 4212 536 4260 ci
559 4214 613 4265 Cic.
633 4211 689 4264 Cat.
707 4213 741 4277 ΙΙ,
762 4218 787 4277 1,
804 4215 829 4264 2.
852 4243 883 4256 -
906 4220 1023 4285 aceruus]
1044 4216 1109 4266 auri.
1127 4215 1179 4266 Sat.
1200 4213 1221 4278 Ι,
1241 4215 1265 4275 Ι,
1285 4212 1329 4264 ΙΙ.

807 4412 1007 4423 „an-.-
