3117 5042
425 444 524 509 titt.
546 447 584 512 ΙΙ.
624 445 731 515 8ΑΤ.
753 448 805 512 Vl.
835 448 907 512 vlt.
1142 452 1207 515 415

195 632 253 695 ilat
274 649 351 737 opas
373 630 456 709 bac,
477 631 542 709 ait,
562 635 593 692 ct
615 631 737 695 valeas:
761 649 810 695 me
828 632 911 707 silva
930 651 1084 719 eamuquc

197 743 297 805 Tutus
320 739 360 804 ab
380 738 502 803 insidiis
523 738 608 803 tenui
626 739 780 807 solabitur
799 758 883 802 ervo.
1014 736 1016 738 ’

574 970 747 981 ..-

398 1270 402 1281 ,
463 1212 466 1221 ·
518 1195 817 1268 SatiraVll.

204 1318 382 1423 iamdudum
405 1360 544 1422 ausculto
569 1360 744 1443 et'cupiens
766 1362 822 1425 tibi
838 1324 944 1425 'atcere
965 1382 1074 1428 servus

202 1469 308 1532 Pauca
333 1468 513 1532 reformido>
550 1469 720 1551 Ilavusnei
762 1471 830 1550 lta,
853 1471 977 1550 Davus,
998 1474 1126 1538 amicum

115 1642 220 1693 domna.
248 1640 283 1691 ci.
301 1639 382 1707 Epod.
395 1638 419 1705 6,
433 1642 458 1693 5.
477 1671 511 1682 -
528 1641 599 1705 baud
614 1642 679 1709 otili
694 1643 757 1713 aba]
777 1642 876 1708 „Etiam
896 1644 921 1694 in
941 1646 972 1696 iis
989 1648 1124 1698 sententiis
1142 1647 1208 1700 haee

115 1710 226 1779 negatio
245 1712 342 1781 (barud)
361 1714 466 1780 proprie
485 1712 601 1764 adbiberi
620 1721 729 1779 poterat,
750 1714 843 1781 quibus
861 1717 956 1767 veritas
974 1717 1083 1770 alicuius
1102 1720 1141 1770 rei
1160 1718 1210 1771 de-

116 1783 287 1835 monstranda
305 1791 350 1834 aut
367 1785 424 1850 ipsa
442 1800 485 1835 res
505 1784 677 1835 confirmanda
697 1792 752 1836 arat
773 1790 837 1853 (pqr
853 1787 925 1838 aicit
935 1826 943 1852 ,
966 1788 1085 1839 seirklicls
1101 1791 1212 1860 nicil).“

116 1856 208 1907 Hasd.
233 1854 303 1911 Tura.
322 1853 349 1906 T.
370 1854 414 1906 Ill.
432 1870 457 1922 p.
476 1855 573 1907 291-
595 1855 734 1925 et'solerrt]
756 1852 888 1908 sioraco
908 1858 998 1927 optimi
1016 1859 1127 1912 codices.
1157 1862 1210 1914 tttt

115 1926 226 1990 wleatr
244 1924 314 1994 qudd
330 1938 489 1993 magnopere
507 1926 586 1993 friget
601 1942 665 1994 prae
684 1924 765 1977 altera
783 1926 905 1991 lectione,
923 1944 981 1980 nam
1005 1940 1029 1981 et
1047 1940 1087 1983 est
1106 1941 1129 1985 et
1144 1944 1213 2003 pro*

114 2004 219 2066 pterea.
245 1994 308 2065 vide
325 1996 358 2048 ad
376 1996 460 2050 Garm.
478 1997 512 2063 11,
529 1999 555 2061 2,
576 1998 618 2048 11.
641 2028 676 2041 -
700 1997 836 2070 solabitur]
855 1999 966 2052 vidend
988 2000 1165 2070 Carm.11,5,
1184 2004 1210 2059 7.

565 2118 688 2172 Satira
713 2118 769 2172 llll.

189 2219 332 2286 Superiora
349 2227 469 2287 poemate
485 2218 609 2275 Horatius.
627 2235 715 2272 veram
733 2235 806 2273 suam
825 2223 978 2274 sententiam
1007 2222 1040 2275 de
1061 2227 1114 2277 suis
1132 2225 1211 2278 rebus

115 2304 221 2358 suaque
239 2307 296 2341 cum
317 2291 466 2344 Maecenate
482 2294 635 2360 magnisque
652 2294 679 2342 in
700 2293 805 2343 civitate
823 2295 884 2344 viris
898 2294 1090 2347 necessitudine
1107 2296 1211 2349 amabili

116 2364 224 2413 ratione
239 2361 428 2431 descripserat;
446 2362 506 2413 inde
527 2364 605 2430 igitar
622 2362 734 2429 petenda
754 2370 795 2415 est
813 2379 874 2415 vera
892 2369 990 2417 morum
1009 2367 1138 2434 animique
1158 2369 1213 2419 llo-

117 2434 180 2485 ratii
200 2435 325 2501 cognitio.
360 2433 509 2486 Adversarii
528 2443 633 2498 autem,
663 2446 728 2502 quos
747 2434 842 2491 inultos
862 2450 920 2486 eum
937 2433 1060 2501 babuisse
1078 2447 1105 2489 et
1121 2446 1213 2490 natura

117 2514 209 2557 aarum
228 2503 411 2574 bominumque
431 2513 457 2556 et
474 2514 592 2571 poemata
612 2505 729 2569 suadent,
748 2503 824 2556 aliter
841 2504 874 2556 de
886 2521 918 2556 eo
935 2505 1100 2573 iudicabant,
1115 2510 1213 2577 quippe

48 2613 50 2616 >
117 2577 215 2644 quiin
235 2575 339 2627 bomine
360 2575 421 2628 olim
441 2592 565 2643 paupere,
583 2577 750 2644 paupertatis,
770 2575 935 2645 frugalitatis,
955 2568 1089 2645 libertatis,
1110 2587 1213 2647 tempe-

117 2648 226 2699 rantiae
241 2646 384 2713 laudatore,
405 2662 475 2698 nunc
493 2649 555 2699 satis
577 2647 674 2715 ditato,
697 2656 724 2698 ut
743 2648 819 2698 etiam
837 2647 939 2699 umbras
958 2665 1112 2717 scurrasque
1131 2650 1215 2704 aleret

119 2722 163 2789 (v,
183 2717 242 2786 36),
262 2717 369 2769 divitum
390 2716 610 2787 delicatorumque
628 2717 759 2769 bominum
778 2727 906 2779 sectatore
925 2727 950 2770 et
970 2718 1116 2786 adulatore,
1134 2721 1213 2774 luxu-

119 2791 212 2840 riosae
232 2790 303 2840 vitae
321 2797 434 2842 amatore
453 2784 492 2840 aa*
505 2792 590 2842 onmia
617 2791 680 2841 vitia
699 2805 852 2857 omnemque
871 2792 1067 2842 inconstantiam
1084 2801 1111 2843 et
1127 2792 1214 2846 disso-

119 2859 251 2925 lutionem
267 2862 324 2912 iare
343 2860 392 2911 sibi
410 2863 528 2913 invenire
547 2869 574 2912 et
593 2861 913 2928 vituperare-riderentur,
931 2877 998 2929 quaa
1019 2865 1171 2929 saepissime
1186 2867 1213 2917 in

122 2931 185 2983 aliis
203 2946 256 2982 non
272 2932 404 2998 peioribus
426 2930 572 2983 hominibus
590 2928 720 2999 maligne,
736 2940 765 2983 at
782 2931 923 2999 putabant,
942 2932 1129 3000 descripsisset.
1166 2935 1213 2988 liis

122 3003 206 3070 igitar
224 3002 445 3055 criminationibus
465 2998 623 3069 postremum
641 3003 743 3055 obviam
763 3001 840 3054 eundi
865 3005 997 3071 egregiam
1017 3013 1095 3071 poeta
1115 3007 1215 3060 invenit

120 3075 218 3126 viarm·
239 3072 345 3126 Tantum
363 3077 430 3125 enim
448 3073 523 3125 abest
539 3081 569 3125 ut
587 3075 620 3125 iis
637 3089 667 3125 aa
684 3074 754 3126 vitiis
775 3073 894 3137 laborare
913 3077 1063 3142 negaverit,
1079 3085 1107 3127 nt
1127 3080 1214 3130 acrio-

120 3160 179 3198 rem
195 3140 409 3213 infestioremque
419 3146 467 3217 ,sui
482 3146 760 3212 ipsidslneusationem
775 3144 825 3195 boe
843 3154 962 3212 poemate
976 3148 1118 3214 scripserit,
1139 3165 1215 3218 quam

119 3231 239 3283 unquam
259 3215 302 3267 vel
320 3218 460 3269 acerrimus
478 3215 640 3268 adversarius
660 3218 686 3267 in
703 3233 733 3268 se
750 3231 843 3284 parare
862 3216 977 3269 auderet.
1003 3214 1106 3271 Etenim
1121 3236 1152 3273 ea
1163 3237 1216 3274 non

122 3286 222 3343 debilis
240 3289 305 3339 ratio
323 3296 365 3338 est
380 3302 440 3339 aeae
459 3286 490 3338 ab
507 3286 614 3357 aliorum
634 3287 856 3340 criminationibus
877 3288 1050 3355 defendendi,
1069 3306 1127 3343 cunr
1150 3293 1216 3344 nibil

121 3369 217 3410 corum
238 3374 306 3425 qaae
326 3354 471 3425 vituperata
488 3367 548 3410 sunt
568 3368 738 3426 extenuatur,
765 3361 852 3410 omnia
875 3362 961 3427 potius
980 3361 1088 3413 ridicula
1107 3365 1217 3430 quadam

122 3428 305 3497 superlationis
321 3431 359 3481 ita
376 3437 512 3497 augentur,
530 3438 558 3480 ut
575 3430 662 3481 ridere
678 3431 790 3482 debeant
809 3433 957 3499 quicunque
971 3432 1076 3484 audiant
1092 3431 1217 3501 legantve

121 3500 335 3568 adversariisque
353 3500 429 3551 iidem
448 3500 583 3583 abrogent.
618 3499 735 3555 Putidum
750 3509 836 3551 autem
853 3498 947 3553 fuisset
957 3512 983 3554 et
992 3518 1074 3570 prope
1087 3507 1216 3573 cynicum,

122 3574 224 3637 siipaa
244 3580 291 3623 suo
313 3562 360 3623 oie
376 3586 437 3623 sese
454 3572 581 3637 voluisset
600 3571 708 3623 maculis
733 3571 890 3639 {lapidisque
918 3586 1105 3638 conspergar03
1136 3590 1216 3644 quare

121 3645 233 3709 sapiens
251 3658 309 3694 eam
326 3643 451 3710 poematis
470 3641 694 3708 torrnam·ategit,
717 3656 768 3708 qua
789 3641 912 3709 quidquid
930 3650 1001 3694 esset
1017 3643 1153 3696 dicendum
1167 3646 1216 3696 ab·

124 3716 199 3767 iacto
218 3714 319 3781 pudore
344 3713 501 3782 insolitaque
518 3713 632 3764 dicentia
652 3720 742 3779 posset
758 3714 932 3778 pronuntiare.
977 3713 1121 3767 Saturnalia
1143 3717 1217 3780 (vido

124 3782 165 3837 ad
181 3784 236 3838 Sat.
255 3782 289 3848 n,
306 3784 338 3854 3)
356 3784 439 3836 Numa
452 3800 522 3852 sege
542 3786 666 3846 instituta,
685 3785 871 3851 quassatumi
893 3797 995 3835 auream
1013 3793 1124 3836 aetatem
1151 3788 1217 3839 sub-

125 3857 236 3923 latoque
249 3857 320 3925 inter
349 3855 425 3909 heros
446 3871 590 3924 servosque
616 3854 764 3907 discrimine
791 3855 923 3920 pristinam
946 3857 1059 3921 omnium
1085 3856 1218 3912 bominum

123 3925 312 3995 aequalitatem
330 3929 356 3978 in
375 3942 472 3995 paucos
489 3926 544 3979 dies
558 3924 713 3989 referebant,
730 3940 850 3993 magnam
861 3925 962 3977 dicendi
976 3926 1123 3995 agendique
1137 3944 1216 3996 prae-

124 3999 244 4051 buerant
263 4000 346 4050 servis
364 3998 516 4051 libertatem.
553 3996 641 4066 Fingit
660 3998 738 4065 igitur
756 3998 895 4061 lloratius,
923 3988 1100 4051 Salurnalibus
1117 4001 1217 4053 Davum

124 4086 207 4123 auum
223 4074 333 4122 servum'
345 4071 498 4137 impunitate
524 4084 555 4120 ac
573 4069 678 4120 licentia
695 4068 799 4137 diqendi
818 4067 887 4120 abuti
912 4070 1114 4138 gravissimeque
1134 4072 1219 4124 domi-

125 4158 191 4195 num
211 4142 420 4206 inconstantiae,
448 4139 572 4192 stultitiae
599 4141 760 4208 insignisque
780 4141 931 4195 temeritatis
955 4155 1085 4192 accusare.
1121 4143 1217 4196 Consi-

125 4213 194 4265 lium
214 4219 310 4280 poetas
334 4228 396 4263 sane
410 4210 595 4267 *felicissimum
614 4220 661 4263 est.
707 4211 786 4269 Servi
808 4212 891 4273 enim,
918 4210 1010 4279 quibus
1029 4215 1142 4282 nequid
1169 4216 1219 4267 do-

123 4285 205 4336 minis
227 4285 356 4350 ingratum
373 4284 462 4334 dicant
478 4299 525 4349 per
543 4290 623 4335 totum
641 4298 735 4334 annum
753 4283 825 4350 gravi
851 4294 936 4348 poena
960 4285 1068 4334 vetitum
1095 4294 1149 4349 est,
1174 4288 1218 4339 nbi

125 4354 233 4411 dicendi
254 4353 380 4432 quidquid
399 4354 482 4406 velint
499 4356 602 4406 veriam
622 4355 761 4420 accipiunt,
780 4361 930 4420 arrogantes
948 4362 974 4404 et
987 4354 1219 4422 impudentessese

124 4433 282 4496 praestant,
299 4414 452 4491 praesertim
470 4426 513 4492 qui
532 4426 702 4492 sapientiores
722 4424 766 4475 vet
784 4422 914 4476 docueras
935 4424 984 4475 sibi
1004 4441 1063 4477 ease
1082 4416 1219 4482 videantur

123 4506 205 4566 quam
223 4496 299 4553 solet¹
311 4511 370 4553 ease
391 4495 500 4563 plurima
518 4511 576 4562 pars
596 4496 693 4548 eorum.
731 4496 816 4559 Quare
835 4495 884 4546 boc
901 4498 1009 4566 egregie
1026 4500 1125 4550 invenit
1136 4500 1219 4552 liora-

124 4571 191 4633 tius,
210 4567 281 4637 quod
299 4562 399 4621 Davum
417 4582 432 4619 a
449 4565 560 4634 Crispini
578 4567 704 4635 aretalogi
723 4568 789 4639 (Sat.
808 4566 829 4633 l,
854 4570 877 4635 l,
898 4570 955 4625 120.
978 4570 997 4635 l,
1014 4570 1040 4635 3,
1060 4570 1131 4640 139)“
1149 4574 1218 4627 iani-
