3117 5042
1048 243 1066 276 Γ

658 381 662 388 ’
760 402 1034 469 cenninus

644 591 802 666 Qum
824 587 1035 670 nee-uque
1055 587 1092 651 ln
1110 605 1196 650 usn

533 721 725 786 sPoseentis
747 721 818 785 aeri
840 739 948 803 pauco.
987 720 1086 801 ‘Fugit
1107 728 1194 784 retro

561 830 655 898 tens
675 829 817 894 iuventas
837 837 870 892 et
893 829 986 891 decor
1010 828 1100 894 arida

600 939 739 1002 Pelleute
760 938 896 1002 lascivos
917 955 1039 1002 umores

643 1045 764 1116 canitie
783 1046 965 1128 facilemque
985 1064 1132 1118 muru,

560 1183 629 1246 Non
648 1197 769 1263 semper
792 1179 871 1243 idem
891 1177 1018 1244 floribus
1038 1185 1086 1242 est
1106 1178 1206 1247 honor

514 1308 543 1352 ro
561 1287 674 1356 Vernis
696 1305 795 1371 neque
816 1306 876 1350 une
896 1289 985 1351 huns
1004 1287 1118 1351 rulers
1137 1286 1213 1349 nitet

602 1397 712 1460 Vultu:
734 1394 808 1479 quid
831 1395 967 1460 aeternis
987 1395 1135 1459 minorem

641 1502 788 1569 Consiliis
812 1503 945 1567 animan
968 1503 1107 1586 istigssi

563 1634 627 1702 cur
647 1655 708 1699 non
728 1634 785 1699 suli
806 1636 872 1700 elta
893 1637 944 1698 vel
965 1637 1095 1720 pisteuo
1117 1635 1167 1710 rel
1189 1633 1248 1696 hue

560 1744 636 1808 Pinu
658 1746 794 1810 iacentes
813 1745 859 1807 sic
884 1753 998 1808 temere
1018 1751 1050 1809 et
1071 1761 1145 1807 rosa

509 1870 538 1915 rs
601 1851 705 1917 Caum
724 1853 847 1917 odorsti
868 1853 1016 1954 capillos,

646 1961 833 2039 nonlicet,
856 1960 1045 2042 Assyriaque
1066 1958 1168 2022 nardo

565 2093 711 2158 Putamus
732 2093 842 2158 unctii
883 2092 1022 2176 Dissipat
1043 2091 1140 2155 Euius

367 2282 453 2333 animo
470 2280 536 2332 liunt
553 2279 636 2333 oculis
656 2282 730 2350 qussi
748 2282 928 2345 coniiciuntur,
946 2288 974 2332 et
993 2280 1081 2332 lumen
1097 2278 1201 2348 aliquod
1220 2277 1458 2330 aceeditorationi.
1537 2269 1538 2278 ’

366 2351 431 2406 lade
450 2352 573 2420 frequens
591 2353 649 2404 eius
665 2353 809 2421 particulae
828 2370 858 2405 re
877 2352 944 2420 apud
962 2353 1094 2404 Horatium
1111 2367 1183 2403 usus.
1202 2381 1236 2392 -
1268 2366 1318 2401 nec
1335 2350 1461 2470 lapidea

366 2419 452 2476 curm.
472 2423 530 2488 t‚9‚
545 2424 711 2490 15.t,11,3.
734 2423 828 2476 Cetera
839 2426 878 2476 sic
895 2425 963 2474 inter
976 2438 1005 2476 se
1015 2424 1164 2490 excipiunt:
1184 2429 1250 2486 „nec
1266 2419 1383 2488 trepides
1403 2435 1436 2470 se

367 2495 495 2563 psucsin
512 2510 587 2546 usum
604 2497 761 2562 poscentist‘.
799 2495 863 2547 Num
883 2509 959 2563 quam
980 2494 1028 2545 alii
1043 2496 1182 2546 voluerunt
1200 2492 1343 2561 (Orellius)
1362 2493 1461 2542 verho-

366 2579 423 2617 rum
441 2567 655 2633 compositionem
673 2582 739 2633 „nec
752 2566 866 2634 trepides
887 2567 914 2616 in
934 2582 1008 2618 usum
1025 2566 1083 2617 aevi
1101 2579 1183 2632 panca
1201 2563 1332 2634 poscentis
1344 2571 1369 2627 ⁴¹,
1386 2577 1418 2612 ea
1435 2569 1463 2612 ut

367 2637 426 2690 sine
446 2636 565 2704 exemplo
585 2645 634 2702 est,
652 2638 689 2688 ite
705 2637 852 2704 pedestrem
870 2638 1011 2688 orationem
1027 2636 1196 2687 veliementer
1206 2635 1281 2702 sapit.
1319 2632 1417 2685 Contra
1435 2634 1461 2684 ia

367 2705 410 2759 liis
430 2709 563 2777 trepidare
579 2708 691 2760 eiiceriua
707 2709 749 2758 rei
765 2708 830 2758 nihil
851 2715 891 2759 est
908 2722 961 2775 quo
978 2707 1116 2760 offendaris
1142 2707 1223 2773 magis
1248 2720 1324 2774 quam
1341 2705 1375 2756 iis
1393 2717 1462 2771 quae

368 2780 550 2844 supraposita
569 2787 629 2830 sunt
648 2777 680 2829 sd
700 2778 775 2830 Germ
805 2778 839 2843 ll,
856 2779 882 2838 9,
903 2779 944 2830 17.
976 2809 1007 2819 -
1033 2779 1100 2852 occi}
1123 2777 1157 2828 cl.
1178 2777 1211 2827 ad
1231 2778 1314 2829 Carm.
1334 2775 1367 2838 ll,
1389 2776 1416 2837 2,
1440 2776 1464 2826 5.

369 2858 404 2890 ·-'-
422 2845 598 2919 teuspoarm,
618 2849 637 2914 l,
658 2850 684 2912 2,
696 2847 740 2901 38.
778 2849 897 2900 iuvenile
918 2864 1012 2915 corpus
1031 2849 1155 2915 imprimis
1174 2847 1253 2899 molle
1274 2854 1314 2898 est
1332 2861 1364 2897 ac
1385 2854 1464 2896 tene-

370 2935 435 2983 rum,
454 2920 539 2971 senile
559 2920 659 2971 aridum
677 2928 704 2971 et
720 2921 839 2982 siccum3
866 2935 933 2990 quae
952 2935 1027 2988 quam
1055 2922 1107 2972 sint
1131 2920 1250 2986 opposita
1276 2926 1354 2984 poets
1377 2915 1463 2967 artifi-

369 2992 442 3042 ciose
462 2991 586 3043 indicavit
604 2992 649 3055 im,
667 2999 695 3041 ut
714 2990 824 3042 alterum
842 2992 868 3041 iu
889 2992 973 3041 iroute
992 2991 1101 3042 alterum
1122 2992 1148 3041 in
1168 2989 1220 3040 line
1233 3004 1325 3040 versus
1342 2995 1464 3054 poneret.

369 3094 404 3103 -
423 3063 577 3130 facilemque
594 3065 719 3130 somnum]
740 3063 784 3129 qui
800 3061 877 3111 facile
896 3061 999 3127 obrepit
1015 3077 1065 3112 nec
1084 3060 1181 3127 uigiliis
1193 3061 1397 3126 interrumpitur.
1421 3059 1465 3111 Sic

367 3131 452 3188 Germ.
472 3131 518 3196 ΙΙΙ,
538 3134 582 3194 213
600 3131 633 3194 43
653 3146 764 3198 quocum
785 3131 904 3183 conteras
927 3131 1011 3184 Carni.
1031 3132 1063 3197 tl,
1083 3133 1125 3196 16,
1147 3132 1188 3183 15.
1277 3180 1280 3183 ,
1346 3149 1358 3166 ·

440 3225 471 3279 V.
492 3226 517 3279 9.
554 3226 606 3279 Sed
630 3226 694 3277 nihil
714 3234 755 3278 est
775 3226 843 3294 quod
865 3234 1017 3295 perpetuum
1037 3230 1071 3280 sit
1089 3235 1132 3278 sut
1152 3224 1323 3277 vicissitudini
1340 3237 1394 3274 non
1413 3221 1466 3274 ob·

370 3299 483 3359 lectum
507 3296 569 3365 quid
588 3305 647 3349 tuus
666 3298 765 3348 animus
783 3299 962 3349 aeternitatem
980 3299 1081 3365 quaerit
1099 3313 1184 3349 rerum
1202 3297 1244 3347 cui
1263 3310 1310 3361 pur
1330 3310 1391 3345 esso
1412 3309 1466 3344 ne-

369 3366 450 3437 quit?
475 3396 508 3410 ·-
534 3368 628 3419 rudens
646 3368 719 3439 nitet}
740 3367 810 3419 llaec
829 3368 971 3434 separanda
988 3383 1040 3419 nun
1059 3376 1126 3432 sunt,
1147 3384 1205 3422 nam
1222 3368 1295 3418 varin
1315 3366 1404 3420 Lunae
1426 3372 1468 3414 est

370 3440 482 3506 species.
502 3469 536 3480 -
554 3438 622 3502 Quid
635 3439 758 3507 oeternis]
780 3438 944 3492 constructio
963 3435 1021 3494 cinci
1040 3441 1151 3503 κοινοῦ,
1174 3437 1384 3506 frequentissima
1394 3433 1468 3502 apud

216 3515 232 3528 ‘
271 3559 290 3580 0
368 3511 515 3572 llumtium3
535 3511 648 3561 aeternis
666 3509 781 3561 consiliis
795 3512 892 3578 fatique
914 3518 940 3561 et
957 3518 1007 3561 aet.
1029 3527 1098 3562 cons.
1118 3512 1251 3562 minorem.
1279 3538 1312 3550 -
1338 3506 1381 3558 vel
1400 3503 1465 3577 leuc]

368 3583 451 3650 prims
468 3595 572 3649 quaque
589 3596 656 3648 quae
674 3581 788 3645 offertur,
809 3596 885 3648 quum
906 3580 995 3631 ridere
1015 3582 1065 3631 lam
1085 3580 1133 3631 sibi
1151 3571 1362 3646 videtur'poeta.‘
1403 3577 1468 3628 Pla-

367 3659 443 3705 tsnus
462 3660 546 3704 autern
567 3659 594 3702 et
610 3654 685 3720 pinus
705 3652 869 3703 nominantur
888 3659 993 3719 propter
1004 3652 1110 3702 densam
1123 3659 1150 3702 ct
1162 3650 1272 3717 emplum
1291 3664 1359 3717 quse
1376 3663 1470 3699 earum

368 3725 446 3778 ramis
462 3722 611 3775 diffunditur
628 3721 752 3774 umbram.
776 3755 807 3767 -
847 3723 886 3772 sic
904 3724 1006 3794 temere]
1027 3722 1073 3772 llis
1092 3721 1179 3773 verbis
1203 3721 1293 3773 eudem
1322 3718 1469 3787 negligen-

368 3797 405 3848 tia
425 3795 575 3860 exprimitur
594 3809 661 3861 quae
684 3792 731 3844 lllo
747 3794 902 3860 pronomine
922 3793 987 3857 loc3
1008 3800 1036 3843 ut
1054 3794 1107 3843 fors
1125 3792 1231 3856 tulerit,
1250 3792 1309 3842 dum
1328 3789 1366 3841 nil
1387 3805 1471 3857 para-

368 3881 437 3929 mus,
462 3863 499 3917 nil
518 3877 651 3926 cummus3
672 3865 763 3916 Graeci
783 3865 927 3925 eitum-
954 3868 1027 3932 roso]
1056 3864 1134 3915 sertis
1153 3865 1245 3914 roseis.
1282 3861 1322 3913 De
1338 3858 1472 3927 singulari

369 3951 478 3989 numero
498 3931 558 3986 vide
577 3935 609 3986 ed
628 3935 711 3987 Germ
733 3933 754 3998 l,
773 3935 799 3999 5,
823 3936 846 3985 1.
866 3963 899 3976 -
921 3934 980 3986 dum
996 3934 1069 4005 licet]
1086 3934 1121 3986 ci.
1138 3934 1171 3984 ad
1191 3933 1275 3986 carm
1293 3930 1327 3996 11,
1346 3932 1469 3993 3‚15.-

370 4003 528 4074 Assqr'ioque
544 4006 641 4075 nardo]
663 4005 723 4056 uide
742 4004 775 4056 ad
795 4003 879 4056 Germ.
899 4003 968 4068 tlt,
982 4006 1007 4068 7,
1030 4020 1087 4056 nem
1106 4006 1214 4070 Assyria
1235 4010 1275 4054 est
1291 4002 1379 4068 Syris,
1397 4001 1471 4053 unde

370 4077 477 4128 llomsm
497 4076 691 4127 advehebantur
711 4083 825 4126 aromata
855 4075 900 4125 ills
931 4077 1125 4141 pretiosissime.
1162 4077 1201 4128 De
1224 4072 1305 4125 nardo
1331 4071 1408 4123 locus
1430 4080 1473 4123 est

369 4148 540 4214 gravissimus
558 4147 625 4213 spud
646 4146 756 4198 Plinium
782 4146 812 4196 ll.
831 4145 861 4196 ll.
880 4145 949 4208 xiil,
971 4146 1003 4196 3:
1042 4147 1128 4211 „llaec
1150 4155 1190 4196 est
1219 4144 1326 4195 materis
1351 4143 1430 4194 luxus
1454 4159 1472 4194 e

370 4219 471 4268 cunctis
490 4217 782 4284 maximexsuperuacui.
836 4216 990 4284 Margaritae
1015 4219 1082 4267 enim
1104 4229 1275 4283 gemmaeque
1292 4213 1325 4264 ad
1343 4212 1472 4265 heredem

368 4295 457 4339 tamen
474 4296 614 4351 transeunt,
633 4297 720 4340 restes
741 4296 883 4353 prorogant
902 4296 1019 4353 tempus:
1043 4296 1176 4354 unguente
1193 4286 1266 4337 illico
1285 4287 1473 4352 exspirantac

368 4360 424 4412 suis
441 4360 583 4410 moriuntur
596 4359 674 4410 horis.
702 4359 806 4411 Summa
824 4356 1012 4408 commendatio
1031 4374 1134 4423 eorum,
1154 4366 1182 4409 ut
1200 4363 1353 4408 transeunte
1370 4355 1472 4406 lentina

368 4429 435 4481 oder
451 4428 740 4496 incimmemmaum
758 4437 876 4495 agentes.
927 4427 1116 4498 Exceduntque
1140 4428 1322 4497 quadragenus
1346 4426 1473 4479 denarios

370 4498 461 4554 librse.
497 4500 570 4552 l'snti
590 4501 683 4551 emitur
696 4499 817 4567 uoluptas
837 4499 949 4550 aliena.tt
