3117 5042
418 417 510 482 MB.
535 417 589 481 ili.
631 414 780 484 GARM
801 418 839 481 n.
860 419 913 483 tlt.
1158 417 1218 481 1&

411 596 540 678 Spernit
565 595 686 660 drumm
707 597 847 679 fugiente
867 616 977 680 penno.

277 768 310 813 as
330 749 387 812 Est
407 756 438 811 et
454 748 538 811 fideii
560 753 629 813 tuta
649 748 773 812 silentio

329 859 465 921 dterees:
489 858 601 921 venne
623 857 675 939 qai
698 855 822 920 Cereris
843 871 966 923 sarrin

372 965 519 1046 vulgarit
542 983 677 1030 areanae
698 963 754 1028 sub
774 964 873 1027 isdem

416 1073 467 1139 Sit
488 1073 631 1137 trabibus
651 1073 838 1155 tragiiemre
858 1091 975 1138 neem

333 1220 447 1287 Soirat
466 1223 639 1305 phaselon
662 1241 756 1304 saepe
776 1222 934 1305 Diespiter

280 1349 312 1394 so
336 1332 503 1414 Neglectae
523 1331 643 1394 ineesto
664 1329 784 1394 addidit
805 1331 979 1414 integrum,

378 1441 465 1504 nero
483 1439 713 1504 adtendentem
734 1439 897 1502 scelestum

417 1547 560 1612 Deseruit
579 1547 657 1629 pede
681 1548 786 1613 Poena
804 1548 926 1612 claudo.

592 1727 780 1739 *ιο-ιιι-

549 1889 746 1963 Carmen
772 1892 830 1963 ΙΙΙ.

325 2046 445 2109 ‘tusum
466 2052 497 2109 et
518 2049 656 2108 tenacem
677 2046 829 2128 propositi
849 2046 947 2109 virum

332 2156 400 2217 Non
422 2153 533 2216 urium
556 2154 652 2217 ardor
673 2173 772 2236 prava
795 2153 978 2230 iubentium,

128 2347 164 2361 ..
183 2316 264 2368 adnm
283 2315 395 2388 maeri
412 2314 516 2365 nebulis
531 2314 678 2366 etiamido
689 2319 750 2366 sere
762 2324 864 2380 tectam,
884 2324 1060 2383 contraquam
1074 2318 1227 2385 cogitandus

129 2396 174 2440 ert
191 2394 319 2454 perpetua
338 2387 479 2437 serenitate
495 2387 581 2448 nitens
600 2387 698 2450 aether,
716 2402 793 2455 quem
813 2394 841 2437 nt
858 2387 963 2454 dignum
984 2402 1031 2438 suo
1053 2388 1165 2440 candore
1177 2390 1228 2440 do-

128 2457 257 2510 micilium
275 2459 377 2525 quaerit
395 2458 484 2508 rirms.
507 2486 540 2498 -
558 2457 609 2509 Ert
627 2457 660 2530 et]
681 2457 809 2524 Compara
829 2457 967 2510 Simonidis
986 2458 1036 2508 hoo
1055 2459 1229 2527 fragmentum

126 2529 211 2584 'Bora
232 2536 282 2581 καὶ
300 2537 387 2595 σιγάς
399 2528 553 2582 ἀκίνδυνον
564 2533 650 2599 γέρας
670 2532 707 2597 (p.
719 2527 773 2581 398
787 2527 978 2596 Schneidew.),
996 2529 1066 2596 quod
1083 2531 1229 2598 Augustum

97 2630 103 2640 ·
130 2602 159 2651 in
169 2614 217 2651 ore
226 2599 351 2650 bannim
361 2605 447 2650 namet
464 2598 593 2649 Plutarch.
612 2597 734 2666 Apophth
756 2598 896 2666 Augusti?
916 2608 943 2650 et
962 2598 1095 2651 Horatium
1113 2601 1230 2652 votuisse
1279 2605 1282 2610 '

133 2671 284 2738 exprimere
304 2669 461 2721 eredendum
484 2677 539 2731 est3
563 2684 717 2738 quamquam
736 2671 840 2720 omnino
859 2671 885 2720 in
905 2668 1037 2721 levissima
1056 2686 1137 2738 saepe
1156 2674 1231 2723 simi-

133 2742 248 2793 litudine
265 2741 404 2804 verborum
422 2742 580 2792 imitationes
604 2741 763 2808 investigare
783 2756 836 2791 non
854 2743 937 2808 magis
957 2741 1072 2808 iniquum
1095 2751 1134 2794 est
1153 2758 1230 2811 quam

133 2804 341 2865 metuerunt
377 2812 481 2863 Cereris
499 2811 614 2884 ιιιοιιιιιι]
646 2811 724 2862 Fides
744 2811 770 2862 in
789 2811 867 2862 rebus
887 2813 967 2862 saeris
984 2814 1091 2877 probata
1110 2814 1231 2880 exemplo

134 2893 185 2946 est,
208 2898 224 2934 ι
247 2896 300 2949 quo
320 2882 405 2933 facilis
424 2890 464 2932 est
485 2881 619 2933 conclusio
640 2887 666 2932 et
684 2883 805 2933 transitus
826 2881 858 2932 od
871 2882 1048 2947 praestandam
1068 2885 1094 2933 in
1112 2886 1231 2935 omnibus

134 2954 214 3006 rebus
232 2954 407 3020 incorruptum
426 2952 511 3003 iidem.
549 2953 627 3005 Sacra
647 2951 750 3005 Cereris
768 2968 866 3003 summa
878 2951 1005 3020 religione
1020 2954 1232 3017 continendarum

132 3040 204 3093 quae
224 3025 270 3090 qui
289 3023 398 3091 vulgare
416 3024 531 3087 auderet,
549 3023 654 3091 linguae
673 3030 728 3073 erat
746 3025 929 3074 incontinentis
952 3039 983 3074 ae
1001 3022 1097 3076 nuliius
1117 3025 1186 3075 fidei.
1198 3056 1231 3066 -

136 3096 304 3163 [περιέσπα]
325 3094 406 3145 cndu.
425 3102 529 3162 praeter
545 3110 624 3145 ιιιιιιιιι
643 3095 848 3161 antiquissimum
869 3094 1025 3146 tiernensem
1039 3111 1128 3146 omnes
1145 3098 1233 3165 (rapi-

138 3167 256 3233 empna·
284 3165 354 3232 quod
374 3165 522 3216 mutandum
542 3166 592 3216 iam
610 3164 741 3216 Bentleius
761 3164 829 3216 bene
857 3166 929 3216 vidie.
975 3165 1146 3233 Opponuntur
1164 3169 1233 3220 enim

138 3239 207 3288 inter
223 3251 255 3288 se
275 3244 372 3286 tectum
392 3243 419 3286 et
438 3237 520 3287 naris.
556 3235 624 3288 Talis
644 3235 789 3286 inmotam
811 3236 887 3286 anxie
905 3237 1024 3289 vitandus
1043 3247 1100 3302 est,
1129 3247 1157 3289 ut
1181 3255 1233 3290 non

137 3309 215 3359 modo
231 3306 344 3358 eandem
361 3306 495 3358 nobiseum
516 3307 618 3357 demum
636 3322 689 3358 non
707 3309 785 3357 intret
803 3306 849 3358 sed
868 3323 901 3357 ne
919 3324 1011 3359 navem
1024 3310 1128 3377 quidem
1145 3318 1235 3361 utno-

138 3379 241 3430 irisenrrr
260 3377 418 3429 conscendat
435 3378 563 3444 possimus
584 3379 608 3428 ei
626 3378 783 3444 permittere.
805 3409 837 3421 -
859 3378 998 3452 Diespiter]
1020 3380 1129 3432 vidend
1149 3380 1234 3438 Carra.

137 3450 158 3514 1,
167 3450 212 3514 at,
222 3450 249 3501 5.
276 3449 472 3514 Superstitionis
489 3447 587 3515 aliquid
606 3449 674 3499 inest
692 3452 717 3499 in
738 3449 786 3498 hec
805 3448 837 3500 de
855 3449 981 3500 socierum
998 3452 1154 3518 contagione
1173 3467 1236 3501 sen-

139 3523 240 3580 tentia,
270 3519 317 3570 sed
337 3518 405 3586 quod
426 3521 558 3586 proprium
577 3533 629 3569 non
648 3521 680 3569 sit
706 3520 819 3585 antiquis
840 3518 994 3571 hominibus.
1040 3521 1139 3572 Similia
1158 3522 1234 3570 otiam

138 3591 178 3643 his
196 3589 360 3655 temporibus
378 3591 561 3653 inveniuntur,
580 3590 691 3641 maxime
703 3589 769 3654 apud
791 3597 891 3639 nautas.
902 3621 937 3631 -
953 3592 1089 3660 incestum]
1112 3592 1236 3656 impium;

138 3663 177 3713 sic
198 3671 287 3713 metue
305 3663 323 3711 i.
343 3676 368 3729 q.
390 3661 447 3727 pius
466 3660 495 3711 G.
515 3661 541 3712 S.
555 3661 597 3712 te.
617 3691 651 3705 -
672 3659 873 3728 antecedentem}
893 3674 924 3709 ee
944 3669 1082 3726 propterea
1099 3675 1237 3722 secururn;

138 3735 340 3784 nimirumsese
357 3746 467 3798 poenam
486 3731 602 3797 effugere
619 3746 698 3797 posse
716 3737 796 3796 potat.
833 3730 945 3781 Poenam
963 3739 1048 3780 autem
1070 3733 1142 3798 quasi
1163 3730 1237 3781 deam

140 3820 211 3867 esse,
230 3810 338 3869 propter
354 3801 475 3852 claudum
497 3801 590 3868 pedem
608 3803 651 3851 rix
673 3809 713 3851 est
730 3793 804 3867 quod'
820 3799 912 3852 dinam.
956 3799 1125 3868 comparetur
1138 3801 1237 3853 idome-

139 3877 195 3926 riea
216 3874 360 3940 dereriptio
373 3872 452 3938 'Arm
475 3871 505 3923 u.
526 3871 593 3936 xix,
614 3872 648 3924 91
660 3887 716 3939 sqq.
737 3870 782 3935 IX,
794 3872 846 3924 502
856 3886 912 3937 sqq.

535 3981 539 3988 κ
581 3998 730 4050 Carmen
752 3996 811 4053 ill..

213 4093 254 4147 Ne
272 4092 333 4144 huic
352 4093 456 4161 quidem
476 4093 582 4144 carmini
601 4094 721 4160 proprius
739 4093 823 4144 aditus
842 4098 954 4159 paratur,
973 4090 1018 4141 sed
1029 4090 1114 4142 subita
1131 4091 1241 4160 quadam

139 4166 254 4229 ratium,
277 4172 307 4215 ut
326 4179 385 4215 oum
405 4163 583 4232 superioribus
603 4166 751 4216 coniunctio
771 4171 910 4229 appareat,
929 4171 1018 4229 quarta
1039 4161 1140 4213 additur
1158 4165 1240 4215 virtus

138 4236 314 4288 tententiae.
350 4233 389 4285 Ea
404 4237 482 4298 enim,
499 4235 613 4286 iustitiae
635 4250 730 4298 eomes,
749 4236 838 4301 primis
857 4234 941 4284 statim
959 4232 1078 4284 versibus
1097 4236 1171 4301 quasi
1190 4250 1239 4300 pa-

137 4322 200 4360 rens
220 4306 387 4374 praedicatur
403 4306 607 4370 inrietiaoimi,
639 4309 683 4373 qui
707 4322 740 4356 ne
760 4319 875 4356 summae
895 4302 997 4371 quidem
1019 4306 1140 4373 potestati
1159 4313 1191 4346 ·-
1214 4305 1239 4354 in

139 4389 193 4446 que
206 4376 386 4446 significanda
404 4379 426 4427 ι’
438 4377 537 4427 minore
555 4376 686 4428 hominum
702 4378 790 4442 viper
807 4375 959 4426 naturalium
980 4391 1064 4425 rerum
1085 4382 1239 4438 potestatem

139 4448 173 4499 ad
190 4448 381 4500 validissimam
399 4447 481 4514 ipsius
499 4447 569 4500 lovis
587 4445 874 4498 manum-adscenditur
893 4477 924 4489 -
946 4460 1058 4513 unquam
1071 4443 1147 4495 cedit.
1167 4444 1239 4495 Gon-

139 4521 238 4572 sunda
258 4521 342 4573 virtus
361 4526 402 4570 est
419 4533 470 4587 qua
487 4518 531 4587 qui
549 4520 618 4570 omni
637 4526 755 4586 ternpore
773 4517 842 4569 bene
863 4532 964 4568 merere
981 4517 1120 4569 votuerunt
1141 4513 1174 4566 de
1187 4514 1237 4565 iro·
