3117 5042
329 374 393 436 52¹1
558 372 620 436 DE
641 371 779 438 ARTE
803 370 1031 437 ΡΟΕΤΙΟΑ
1054 370 1217 436 LIBER
1280 423 1282 427 .

329 553 439 617 ordine
460 572 500 618 ex
520 554 651 621 arbitrio
673 553 902 635 coniungamus,
923 554 967 618 ita
989 560 1110 636 poetam
1133 552 1173 616 ad
1199 552 1328 616 Pisones
1343 551 1418 613 seri-

328 661 447 725 bentem
471 665 575 726 omnia
601 664 665 726 aiia
695 662 853 726 miscuisse
875 662 1076 726 affirmarent
1120 660 1342 743 itiitqoidem
1362 659 1419 721 noc

327 788 451 834 mrmen
471 770 511 834 ab
532 771 661 834 Horatio
682 772 770 854 quasi
795 769 946 853 quoddam
966 777 1180 833 testamentum
1209 770 1350 834 relictum
1374 770 1418 831 vi·

328 878 438 959 detur,
465 898 526 961 quo
547 880 631 941 cives
651 898 745 954 suos,
767 879 915 960 imprimis
934 887 1061 960 poetas,
1082 879 1122 942 ab
1144 880 1183 942 iis
1203 878 1286 942 vitiis
1311 878 1419 959 quibus
1496 961 1500 972 .

326 1006 380 1049 eos
400 987 519 1050 videret
544 988 688 1051 laborare
710 988 883 1051 deterreret
903 988 1165 1070 coniungeretque
1185 1005 1265 1070 quae
1287 986 1348 1048 sini
1363 1001 1418 1066 per

327 1111 413 1158 suam
434 1096 529 1159 vitam
551 1115 608 1158 usn
629 1104 661 1159 ct
679 1097 874 1177 experientia
893 1097 1019 1158 edoctus
1043 1115 1121 1159 sana
1145 1096 1269 1159 fecisset
1290 1113 1411 1177 praece

303 1210 399 1283 ¹pta,
420 1203 493 1266 olim
515 1201 576 1266 iam
598 1222 744 1284 magnam
765 1209 884 1286 partem
907 1222 974 1266 cnm
997 1206 1094 1266 terret
1115 1203 1236 1266 occasio
1256 1203 1414 1284 proposita
1523 1209 1524 1212 ’

325 1328 383 1391 pcr
402 1311 577 1394 trutinaeque
596 1317 627 1373 et
651 1304 799 1394 epistolas
821 1312 982 1392 disperse,
1019 1312 1098 1394 quud
1126 1312 1247 1394 quidem
1270 1312 1316 1373 ita
1336 1311 1415 1388 iecit,

327 1424 360 1479 ut
382 1437 443 1481 non
462 1418 623 1483 consitium
644 1422 736 1483 mon
750 1421 938 1502 praeviaque
949 1418 1148 1482 meditatione
1170 1425 1326 1501 repertum
1348 1419 1415 1481 rde-

328 1534 428 1588 torun
448 1525 539 1589 modo
570 1534 767 1609 sequeretur,
799 1528 853 1590 scd
876 1527 995 1610 ingenii
1027 1527 1220 1609 praestantia
1241 1527 1350 1589 ductus
1378 1526 1416 1588 ai
1523 1549 1524 1554 ¹

326 1652 390 1697 uun
410 1635 503 1698 read
525 1635 674 1716 aiteram,
695 1643 860 1718 cognatam
881 1656 949 1699 earn
972 1635 1091 1718 quidem
1107 1642 1139 1697 et
1160 1637 1245 1698 nitro
1267 1652 1416 1715 apparen-

327 1750 409 1822 tem,
428 1744 517 1826 quasi
540 1762 596 1826 per
611 1745 743 1827 planam
766 1744 846 1808 riam
867 1744 1026 1822 transiret.
1069 1745 1124 1809 Sic
1144 1745 1192 1807 cui
1212 1761 1328 1806 mecum
1350 1760 1416 1823 per-

329 1870 454 1913 suasum
470 1850 550 1927 erit,
579 1854 607 1915 ei
628 1853 689 1915 iam
709 1871 769 1915 non
792 1853 946 1916 videbitur
965 1853 1095 1932 mirum,
1117 1870 1173 1914 cur
1192 1870 1250 1933 per
1270 1852 1413 1913 maiore·

327 1965 447 2041 partem
471 1960 617 2023 carminis
639 1960 678 2021 de
698 1960 871 2024 dramatica
891 1961 976 2043 poeni
998 1967 1091 2042 pocta
1111 1960 1320 2043 disputaverit
1350 1959 1415 2040 piu·

329 2066 466 2148 rimaqrre
486 2074 519 2132 et
538 2069 680 2150 exempla
702 2076 736 2130 et
754 2077 922 2151 praecepta
942 2069 982 2132 ad
1005 2070 1093 2132 iiinm
1115 2068 1345 2151 applicaverit;
1377 2067 1415 2128 de

331 2193 370 2239 ea
391 2175 471 2240 enim
497 2177 664 2240 falsissime
694 2183 758 2240 tum
789 2177 954 2242 iudicatum
974 2185 1024 2240 est
1046 2186 1121 2241 eta
1142 2178 1256 2259 populo
1275 2178 1418 2241 universo

257 2305 269 2332 ·
331 2291 401 2348 cta
424 2284 533 2366 poetis,
549 2277 606 2368 'qui
628 2288 807 2368 popularem
828 2287 950 2350 laudern
972 2294 1133 2368 captantes
1153 2285 1193 2348 ad
1211 2286 1320 2368 popnti
1340 2284 1418 2348 inii·

282 2429 293 2460 ,·
331 2393 409 2456 cium
430 2393 553 2457 tabulas
571 2394 737 2477 diiigenter
758 2395 1033 2458 accommodarent
1165 2394 1171 2401 ’

415 2500 464 2564 Ad
483 2502 611 2565 Pisones
633 2503 780 2584 scriptum
802 2517 871 2565 esse
891 2503 1175 2585 epistulamdoeedt
1195 2502 1226 2566 iri
1247 2503 1324 2566 ioci:
1347 2473 1418 2564 vsa

331 2614 363 2673 6.
386 2614 438 2674 24·
463 2612 565 2690 (153).
587 2615 659 2675 235.
684 2617 757 2674 268.
777 2618 850 2674 2⁷2.
874 2617 948 2676 292.
969 2615 1042 2674 666.
1066 2613 1154 2689 (385.
1169 2613 1258 2689 tao.)
1272 2616 1344 2673 436.
1378 2611 1421 2671 lie

270 2751 277 2774 .
334 2716 497 2781 Pisoniins
520 2719 596 2786 iaec
616 2719 812 2782 tradiderunt
821 2720 1025 2783 scholiastae:
1046 2720 1155 2798 „tinne
1174 2719 1285 2782 iiiruru
1306 2717 1358 2800 qui
1377 2718 1420 2780 in·

334 2814 480 2890 scribitur
510 2827 549 2890 de
579 2835 649 2891 arte
677 2830 799 2909 poetica
819 2829 859 2892 ad
887 2828 923 2892 ia
949 2829 1113 2908 Pisonem„
1136 2828 1187 2916 qui
1210 2836 1320 2909 postea
1338 2826 1421 2889 neiis

335 2941 438 2998 metes
460 2936 539 3011 init,
576 2938 701 3019 eiusque
722 2937 838 2999 liberos
858 2937 952 3010 misit.
996 2939 1073 3001 Nam
1098 2945 1128 3000 et
1150 2938 1216 3018 ipse
1237 2937 1309 2999 Piso
1331 2945 1419 3017 pour
1523 2941 1524 2982 ³

335 3041 395 3105 unt
414 3049 447 3105 et
467 3044 636 3118 studiorum
657 3045 829 3124 liberalium
852 3045 1014 3110 nocetur
1055 3046 1096 3108 Et
1121 3045 1248 3118 Tacitrrs
1268 3045 1350 3106 dnn.
1371 3045 1418 3119 vt
1523 3067 1524 3088 ¹

283 3181 289 3196 ·
337 3156 396 3213 nu:
417 3151 497 3229 „Per
515 3153 596 3216 idern
616 3160 736 3235 tempus
752 3155 801 3232 (a.
824 3175 853 3218 n.
877 3173 903 3216 c
925 3155 1014 3230 ⁷85.)
1037 3157 1070 3218 ia
1094 3149 1164 3218 Piso
1187 3155 1346 3234 pontifex,
1369 3171 1417 3215 rn-

337 3276 404 3322 rum
428 3259 460 3322 in
473 3265 562 3323 uoco
575 3261 769 3340 claritudine,
788 3263 961 3335 intuebiit,
983 3263 1098 3325 nuliius
1112 3262 1237 3325 seruilis
1256 3261 1422 3323 certamine
1523 3277 1524 3298 t

335 3374 445 3448 sponte
465 3375 573 3431 anaor
593 3374 633 3442 et,
656 3370 776 3451 quoties
796 3372 963 3434 necessitas
985 3370 1160 3454 ingrueret,
1178 3371 1340 3452 sapienter
1361 3388 1422 3431 ιο-

336 3474 459 3541 derans.
514 3478 637 3540 Patrem
668 3478 695 3541 ei
726 3480 898 3542 censorimn
929 3480 1026 3543 tuisse
1054 3480 1240 3543 memoravi:
1275 3485 1365 3542 aetas
1384 3477 1420 3539 ad

337 3586 555 3667 octogesimum
573 3605 685 3650 aunum
702 3588 878 3669 processit3
913 3587 1007 3651 decus
1022 3582 1213 3670 'triumphale
1235 3588 1268 3651 io
1290 3586 1422 3658 Threcia

335 3702 499 3758 merome
540 3695 602 3758 scd
624 3697 791 3778 praecipua
810 3715 851 3761 ex
873 3716 910 3760 co
930 3698 1043 3780 gloria,
1065 3698 1144 3780 quod
1162 3697 1339 3779 praefectus
1356 3694 1424 3756 tirdi

336 3819 444 3864 recens
465 3802 638 3867 continuam
653 3812 836 3886 potestatem
860 3813 892 3867 et
910 3791 1077 3869 insolentia
1099 3805 1229 3886 parendi
1250 3805 1424 3886 graviorem

336 3910 415 3973 mire
434 3912 648 3993 temperavit.“
690 3913 827 3977 Vetieins
840 3914 960 3978 Patere
973 3915 1011 3991 ΙΙ,
1023 3919 1082 3977 98:
1103 3914 1224 3990 „Atrox
1242 3914 1274 3976 in
1287 3912 1421 3975 Thracia

338 4019 449 4082 bellurn
470 4030 569 4083 ortum
589 4022 624 4085 ia
644 4022 781 4099 Pisonis,
798 4041 893 4105 quem
916 4022 1066 4105 hodieque
1087 4022 1356 4104 diligentissimnm
1376 4029 1421 4084 at·
1523 4025 1524 4086 ξ

337 4147 396 4212 que
418 4129 545 4193 cundem
568 4130 753 4194 lenissimum
767 4132 942 4204 securitatis
955 4132 1092 4195 urbanae
1104 4131 1260 4193 custodem
1273 4129 1423 4206 tradem,
1523 4131 1524 4134 ’

338 4238 437 4300 virtus
458 4239 647 4320 compressit
697 4241 743 4302 lie
766 4258 830 4322 quo·
848 4240 915 4303 viro
936 4241 994 4303 inec
1013 4239 1154 4303 omuibus
1179 4237 1368 4302 sentiendum
1388 4255 1422 4300 cc

338 4346 576 4425 praedicundum
599 4358 656 4425 est,
674 4367 743 4412 esse
767 4368 867 4412 mores
888 4351 953 4412 eins
978 4349 1088 4430 vigore
1110 4367 1148 4411 ac
1163 4347 1292 4411 ienitate
1312 4356 1421 4427 tempe-

338 4454 508 4516 mussimos
529 4465 560 4518 ct
580 4458 634 4520 vix
665 4477 842 4544 quemquam
873 4460 1002 4540 reperiri
1035 4477 1148 4540 posse,
1181 4458 1233 4539 qni
1253 4465 1307 4519 aut
1330 4456 1419 4518 otiu
