3117 5042
765 416 1039 485 cnntttrttttt

556 602 672 669 l'itlere
693 605 785 667 liaeti
805 603 889 667 bella
910 604 967 666 sub
990 601 1119 684 Alpibus

553 714 685 777 llrnsum
706 719 886 794 gerentem,
907 710 1059 776 Vindelici
1080 745 1121 758 -
1143 708 1253 794 qulbus

500 848 506 859 ·
595 822 664 884 llos
684 821 766 883 unle
786 820 936 882 rleduotns
957 836 1015 901 per
1036 838 1127 883 omne

505 945 535 992 ro
640 930 775 1011 Tempus
797 928 968 993 Amazonia
989 926 1091 990 serini

551 1098 687 1162 Dextrae
708 1096 848 1160 obarmet
869 1094 1018 1179 quierere
1040 1094 1165 1172 distuli,

551 1207 615 1269 Nec
634 1205 715 1268 seire
735 1207 784 1268 las
804 1210 853 1266 est
872 1203 993 1279 omuia;
1016 1236 1057 1251 -
1078 1201 1133 1264 secl
1155 1202 1209 1265 diu

572 1314 731 1396 -Lateqoe
756 1313 899 1376 victrices
918 1318 1065 1375 catervae
1087 1318 1089 1327 ’

635 1421 789 1486 Consiliis
807 1420 932 1484 invenis
948 1418 1087 1484 revictae

499 1606 529 1651 rs
549 1587 683 1653 sensere
704 1587 777 1670 qnirl
801 1604 887 1648 mens
911 1584 988 1663 rito,
1009 1583 1082 1666 qnid
1102 1581 1223 1645 indoles

553 1697 687 1764 Nutritur
699 1696 811 1759 inustis
833 1695 890 1761 sub
911 1690 1122 1776 penetralibus
1139 1718 1142 1723 ⁴

593 1804 720 1878 Posset,
741 1803 811 1886 qnirl
823 1801 966 1883 'Augusti
988 1806 1135 1881 paternus

638 1912 674 1973 ln
697 1928 810 1991 pueros
831 1910 950 1972 animus
973 1909 1121 1971 Nerones.

550 2081 662 2145 Fortes
681 2088 828 2147 creantur
849 2080 982 2145 fortibus
1007 2086 1039 2151 et
1058 2077 1172 2157 bunis,

496 2190 605 2254 solist
626 2190 659 2254 in
681 2189 835 2267 iuvencis,
856 2194 905 2251 est
929 2187 962 2251 in
983 2188 1219 2271 eqoispotrnm

592 2298 719 2376 Virtus,
741 2317 799 2362 nee
818 2297 972 2362 imbellem
994 2298 1114 2359 feroces

634 2408 849 2490 Progenerant
869 2406 994 2489 aquilae
1015 2402 1204 2493 columbam

481 2568 485 2578 “
551 2557 701 2622 Doctrina
721 2558 775 2620 sed
802 2557 863 2620 vim
886 2562 1046 2638 promovet
1067 2552 1192 2615 insitam

426 2730 456 2781 V.
477 2731 517 2781 17.
543 2731 631 2801 Raeti]
661 2732 704 2783 Sic
722 2731 750 2783 in
770 2729 890 2799 plurimis
909 2736 936 2781 et
951 2729 1137 2796 antiquissimis
1155 2725 1288 2781 codicibus
1306 2732 1336 2776 et
1354 2722 1438 2782 editiu-
1515 2728 1516 2777 t

355 2799 447 2862 nibus3
465 2801 561 2866 primus
581 2801 715 2853 Bentleius
735 2817 769 2853 er
786 2803 937 2865 coniectura
956 2801 1058 2863 Raetis,
1076 2799 1146 2867 quod
1165 2814 1224 2849 cum
1245 2797 1271 2846 in
1284 2794 1385 2846 duobus
1398 2792 1440 2843 tri·
1514 2784 1516 2823 t

355 2870 438 2923 bnsve
457 2866 529 2923 libris
548 2872 620 2924 blstis
636 2875 770 2924 inventurn
789 2880 868 2936 esset,
888 2880 1044 2938 receperunt
1061 2871 1222 2922 recentiores
1241 2865 1356 2921 editores
1369 2876 1440 2932 prope
1514 2876 1516 2929 q

355 2946 454 2994 omne's.
490 2943 546 2994 llon
565 2951 655 3007 recte,
674 2946 775 3010 opinor.
820 2942 921 2994 Etenim
939 2944 961 2995 si
983 2944 1033 2997 ianr
1057 2951 1119 2993 tunc
1137 2938 1368 2993 interliaetos'et
1384 2936 1440 2985 lin·
1515 2968 1516 2979 r

355 3013 454 3063 delicos
473 3023 594 3066 auctorate
613 3015 751 3066 discrimen
771 3012 920 3065 statuebant
936 3013 1061 3075 Romani,
1079 3010 1210 3081 quomodo
1228 3007 1334 3060 tandein
1353 3004 1441 3058 Vindo-
1515 3018 1516 3051 3

356 3083 398 3134 lici
418 3085 466 3135 sub
485 3085 599 3136 Raeticis
618 3085 729 3151 Alpibus
756 3083 984 3136 Drusnnseltum
1013 3092 1150 3150 gerentem
1179 3088 1320 3148 potuerunt
1338 3072 1440 3131 viduet
1515 3082 1516 3139 ξ

356 3156 442 3217 Quare
463 3163 508 3203 aut
533 3170 590 3205 cnm
619 3156 766 3208 scholiastis
790 3156 938 3207 lloratianis
964 3163 991 3207 et
1007 3156 1098 3213 Servio
1119 3153 1152 3205 ad
1178 3153 1248 3219 llirq.
1269 3153 1338 3202 ben.
1356 3148 1376 3207 L
1395 3143 1438 3196 nit
1515 3166 1516 3181 ι

356 3226 435 3277 noers
460 3225 586 3276 Vindelici
604 3243 655 3277 nno
672 3230 776 3278 nomine
794 3226 970 3293 coniungandi
988 3235 1056 3287 sunt,
1075 3228 1109 3277 ita
1129 3232 1158 3275 ut
1179 3221 1352 3283 Vindelicos,
1370 3223 1439 3285 igno·

356 3300 406 3345 tam
427 3310 509 3361 prope
521 3290 646 3363 gentem,
665 3298 801 3348 Raetorum
822 3307 920 3365 partem
939 3298 1057 3349 llarntius
1076 3313 1134 3348 oum
1155 3293 1309 3363 aequalibus
1329 3292 1441 3343 hahuisse
1515 3292 1516 3353 ζ

356 3365 483 3428 videatur,
501 3375 545 3416 aut
563 3376 693 3418 commate
709 3371 795 3435 posito
815 3376 874 3435 post
894 3377 1025 3435 percolens
1041 3365 1208 3419 anacolntbis
1225 3366 1252 3415 in
1271 3363 1323 3415 hnc
1339 3364 1396 3413 loco
1406 3359 1440 3411 ri·
1515 3360 1516 3415 J

356 3435 449 3502 denda,
467 3444 492 3487 et
512 3439 547 3487 ita
565 3438 679 3507 quictem,
700 3448 727 3490 nt
747 3438 882 3501 Horatius,
902 3455 960 3489 curn
981 3440 1097 3490 scribere
1114 3435 1243 3488 voluisset
1268 3433 1397 3491 Vindelici
1415 3458 1443 3470 ·-

356 3524 469 3571 sensere,
485 3510 639 3575 interposita
659 3509 779 3577 longiore
797 3512 926 3561 sententia
946 3511 1096 3561 nominativi
1106 3509 1180 3577 quasi
1191 3509 1326 3557 immernor
1344 3505 1443 3554 alterno
1515 3520 1516 3525 ¹

357 3579 543 3630 nominativum
562 3583 682 3632 mnrium
695 3592 817 3633 catervae
835 3579 989 3631 adbibuerit.
1025 3580 1098 3644 Quas
1117 3578 1221 3647 quidem
1236 3575 1445 3629 ratioadinmen·

357 3657 409 3701 tuin
429 3650 509 3700 babet
526 3667 558 3701 ex
579 3652 705 3719 particula
728 3654 818 3704 sedin
841 3651 966 3704 eiusmodi
986 3659 1113 3703 structura
1133 3649 1195 3701 satis
1214 3644 1354 3716 frequenti.
1389 3642 1444 3696 llam

357 3737 390 3776 ne
410 3719 460 3771 boc
485 3720 589 3788 quidem
619 3723 705 3788 placet
727 3732 859 3791 persistens
886 3731 910 3775 et
934 3722 1079 3786 Vindelici,
1104 3720 1174 3789 quod
1197 3728 1240 3771 ast
1262 3721 1294 3781 in
1317 3712 1443 3786 nonnullis
1515 3718 1516 3775 J

356 3792 423 3843 iltis.
463 3791 502 3857 lnv
521 3795 650 3845 sententia
675 3803 760 3845 autem
779 3809 847 3861 qnae
867 3795 983 3860 seqnitur
1004 3793 1092 3861 quibus
1110 3822 1145 3835 --
1164 3791 1254 3841 onmia
1275 3789 1300 3840 si
1328 3787 1446 3857 quidest

298 3908 305 3921 ,
357 3862 425 3930 qnod
444 3871 547 3929 poetam
566 3864 702 3927 dedeceat,
721 3867 747 3917 in
767 3867 824 3931 ipso
843 3865 949 3916 llorabo
966 3872 994 3915 tu
1015 3861 1244 3932 quaermnulpsm,
1261 3874 1315 3912 non
1332 3861 1360 3910 in
1376 3860 1446 3908 inuu-

355 3935 424 3983 conti
444 3935 534 3986 nescio
555 3950 606 4002 quo
625 3936 710 3989 scriba
728 3934 771 3987 vel
792 3938 944 4003 interprete,
962 3950 1041 4003 quem
1058 3936 1122 3987 mira
1141 3931 1282 4000 cupiditate
1305 3936 1445 3996 correptum

355 4002 467 4055 clainnnt
492 4005 604 4056 insulsas
631 4022 695 4074 quas
724 4007 813 4059 dicunt
831 4022 892 4059 suaa
918 4005 1145 4061 annotatiunculae
1174 4004 1287 4057 noueris
1309 4001 1447 4069 applicans

355 4074 462 4128 Horatio
480 4076 642 4129 obtrudendi.
667 4122 669 4125 ,

427 4171 459 4221 V.
482 4170 525 4225 29.-
554 4172 673 4246 sortibus}
694 4180 734 4223 est
750 4171 878 4223 ablativus
897 4168 988 4237 cas'ns,
1012 4188 1071 4223 cnm
1086 4187 1138 4239 quo
1157 4171 1247 4222 σοαπ·
1266 4168 1377 4220 verbnm
1394 4171 1449 4217 aaa·

360 4240 467 4308 pissime
488 4244 668 4310 coniungitur,
695 4243 956 4305 nonnullum,
979 4244 1039 4295 295.
1070 4243 1140 4307 Xlll,
1160 4240 1276 4294 22616
1319 4236 1449 4291 Sententit

362 4314 455 4364 iterum
472 4312 554 4363 tribus
575 4314 700 4381 exemplis
721 4315 881 4381 explicatnr3
903 4317 928 4365 irt
948 4316 1041 4383 quibus
1060 4316 1110 4365 nisi
1127 4311 1246 4364 consulto
1259 4313 1313 4361 oin
1331 4305 1448 4374 anapho-

357 4398 405 4433 ras
423 4386 539 4434 minuere
560 4385 635 4449 velis,
656 4385 709 4436 noli
729 4403 788 4439 curn
807 4386 866 4436 aliis
886 4395 1012 4437 cominente
1030 4386 1116 4453 posito
1139 4392 1197 4451 post
1214 4383 1323 4451 fortibus
1334 4379 1415 4431 verb!
1430 4383 1452 4427 tl

361 4454 433 4503 bonis
453 4470 510 4503 cum
527 4456 643 4506 itacensis
661 4459 835 4523 coniungrre3
866 4466 917 4524 quo
939 4457 1003 4510 nihil
1022 4459 1128 4524 pruvino
1147 4456 1290 4522 excogitaui
1308 4458 1403 4519 potest.
1421 4472 1451 4487 α

361 4523 482 4577 doctrino
500 4524 556 4597 red]
593 4526 636 4577 Sic
653 4526 697 4577 olii
724 4541 829 4596 quinque
846 4536 941 4595 poetae
961 4528 1006 4581 scil
1024 4537 1092 4597 part.
1110 4530 1136 4580 in
1155 4526 1272 4581 secundo
1288 4525 1348 4575 beo
1371 4518 1454 4573 cotto·
