3117 5042
733 390 1033 463 GddidiiNlldl.·'

521 582 629 662 Tuque
649 578 772 647 testudo
794 592 942 641 resonare
964 582 1081 659 septem
1144 614 1146 619 .
1210 594 1213 599 ·

609 684 734 785 cnutus
755 680 878 766 nervis,'

488 838 585 903 rideo
603 837 721 919 loquax
739 836 815 899 oiim
840 828 939 918 neque
960 841 1074 919 meta,
1094 853 1175 899 nune
1195 842 1227 898 et

491 930 658 1009 -btuttun
678 944 791 1008 mensis
813 929 848 1006 etv
866 944 967 1031 eunica
983 942 1139 1025 templis,.
1326 1020 1329 1025 Ι
1384 1016 1389 1025 Ι

521 1053 726 1132 Diomedes,
746 1051 962 1135 bydeqnibus
983 1034 1172 1122 innuens·
1220 1132 1224 1141 ¹

461 1175 464 1179 ’
606 1159 877 1242 Applicetauree,
979 1160 983 1165 ’
1169 1141 1173 1147 ’
1216 1144 1239 1186 ”

525 1298 611 1372 Quae
633 1294 719 1384 velut
739 1294 813 1357 latis
835 1312 914 1375 equa
934 1292 1026 1356 bima
1046 1292 1200 1375 campis,

476 1422 505 1466 ro
522 1403 614 1467 butio
635 1400 778 1466 exsultim
797 1402 962 1486 metuitque
974 1401 1074 1483 'ungi
1143 1403 1151 1413 '
1173 1402 1219 1425 ’“’

526 1511 708 1594 Nuptiarum
728 1527 841 1593 expers
862 1517 894 1600 et
912 1509 1014 1574 adbuc
1029 1515 1183 1592 'protervo

611 1618 718 1684 Cruds
740 1604 864 1683 morito.
909 1704 913 1709 q

525 1753 576 1816 'dn
596 1758 683 1835 potes
704 1753 804 1834 tigres
830 1752 1016 1835 comitesque
1037 1750 1136 1816 silves

526 1860 646 1923 Ducere
667 1867 699 1924 et
720 1861 806 1925 rivos
827 1862 945 1951 celeres
963 1860 1101 1938 moreri3

477 1985 506 2030 rs
525 1966 626 2033 Cessit
649 1968 789 2033 immanis
806 1968 867 2033 tibi
886 1967 1059 2033 blandienti

608 2076 726 2140 ianitor
749 2076 861 2156 ssim,

533 2224 701 2303 Cerberus,
721 2227 861 2309 quumvis
881 2227 997 2290 furiale
1015 2230 1136 2288 cenum

530 2332 671 2398 muniunt
691 2353 809 2416 anfflrcs
829 2341 922 2417 eaput
941 2335 1006 2397 eins
1028 2339 1121 2432 atque

332 2486 381 2555 irae
398 2485 486 2537 isbuia
502 2487 567 2539 nihil
585 2486 666 2540 veiim
683 2487 753 2540 aiiud
771 2488 862 2541 uideas
881 2487 931 2540 nisi
952 2489 1035 2555 ipsum
1055 2486 1175 2538 carminis
1192 2498 1245 2553 qno
1260 2482 1349 2549 Lyden
1371 2495 1415 2531 ro·

331 2557 409 2609 iuerit
427 2557 546 2610 Horatius
563 2559 681 2611 mulcere
697 2552 885 2628 argumentum.
921 2554 996 2623 Quod
1013 2560 1035 2610 si
1053 2558 1228 2624 perspexeris,
1249 2554 1325 2607 sirau!
1346 2554 1417 2605 etiarn

331 2643 378 2679 cnr
394 2626 426 2678 nd
439 2627 533 2693 ¹Lyden
550 2639 642 2697 postea
659 2646 712 2682 non
729 2639 875 2682 revertatur
892 2631 1003 2684 videbis.
1039 2629 1131 2697 Neque
1150 2628 1235 2678 miuus
1256 2624 1360 2694 pinnum
1372 2630 1418 2687 est,

331 2698 393 2766 qnid
411 2712 506 2753 causae
531 2701 608 2752 inerit
631 2717 678 2753 cur
697 2701 763 2752 hacc
779 2701 816 2763 de
836 2701 995 2753 Danaidibus
1013 2715 1072 2768 pers
1093 2728 1126 2742 ·-
1149 2697 1176 2749 id
1194 2699 1262 2749 enim
1282 2695 1416 2748 oriiflciw

332 2769 456 2837 irequerm
474 2776 515 2820 est
532 2770 630 2823 Horatii
642 2803 678 2815 -
696 2786 745 2839 per
761 2787 791 2822 se
810 2779 861 2823 tom
882 2772 1065 2824 extenderetur
1082 2768 1221 2836 stropb'as3
1238 2780 1348 2836 qnnrnrn
1367 2764 1420 2831 pri·

331 2853 373 2891 me
391 2846 420 2889 ut
436 2841 521 2893 media
539 2851 580 2893 est
595 2843 675 2894 totius
692 2844 814 2894 earinims
830 2843 867 2894 ita
884 2858 1008 2896 summum
1024 2841 1103 2893 babet
1121 2839 1285 2896 renuntiem.
1357 2834 1423 2899 Quid

332 2909 402 2978 qnod
422 2911 482 2963 inde
500 2910 550 2962 hoc
568 2929 672 2981 qnoque
689 2913 864 2985 intelligitur,
889 2915 1003 2982 qointsm
1022 2912 1153 2980 stropham
1174 2915 1214 2979 (r.
1235 2906 1355 2975 st-oo)
1374 2920 1425 2957 non

332 2980 430 3032 debere
447 2991 476 3034 nt
495 2984 608 3049 spuriam
627 2983 712 3035 eiici'i
730 2986 756 3035 id
774 2985 844 3053 quod
862 2985 935 3040 multi
956 2985 1027 3053 iique
1045 2981 1258 3050 praestantissimi
1270 2978 1371 3031 Horati
1382 2978 1425 3028 in-

333 3060 461 3118 terpretes
478 3052 566 3105 fucere
584 3069 637 3105 non
654 3054 810 3107 dubitarunt.
845 3055 921 3107 Eiicc
938 3054 1006 3106 bene
1027 3052 1175 3120 stropham,
1203 3059 1230 3103 et
1246 3049 1309 3102 vido
1329 3048 1426 3100 ubisit

333 3121 504 3188 aequabilitas
521 3126 639 3191 partium.
676 3127 857 3177 Verumtamen
882 3127 904 3178 si
927 3125 989 3194 qnid
1006 3124 1042 3176 ibi
1061 3132 1102 3176 est
1119 3125 1236 3190 ineptum
1255 3120 1299 3172 vei
1318 3121 1424 3186 ritnpe-

333 3191 460 3256 raedom‚
488 3193 607 3246 iiomtins
625 3196 811 3263 vituperandus
829 3204 888 3261 est,
914 3210 967 3248 non
985 3194 1171 3248 emendandus.
1216 3192 1266 3256 Qui
1285 3191 1337 3241 boc
1357 3195 1426 3240 certe
1522 3172 1523 3243 t

334 3262 432 3327 optime
449 3264 592 3315 instituisse
612 3265 723 3330 videtur,
742 3267 811 3335 quod
832 3268 938 3319 carmini
957 3267 1034 3318 iinem
1046 3267 1169 3332 imposuit
1186 3265 1304 3315 oratione
1323 3258 1425 3328 Hyper·

334 3340 464 3386 mneeme
481 3349 554 3384 snam
572 3332 681 3387 salutem
702 3339 781 3388 emori
802 3345 829 3387 et
846 3337 907 3391 fidei
926 3334 1205 3407 longepostbnbentis.
1232 3330 1344 3385 toenisu
1357 3329 1427 3397 Lydo
1522 3350 1523 3409 J

334 3418 440 3472 qnoque
457 3412 486 3455 nt
503 3404 582 3456 iaciat
599 3405 715 3459 studiose
732 3407 832 3459 suadet.
885 3475 889 3481 ¹

407 3490 438 3542 V.
465 3492 486 3544 1.
520 3494 589 3565 nora}
619 3493 764 3561 Exemplo,
791 3493 861 3562 quod
884 3493 960 3545 huius
982 3492 1126 3561 particulos
1144 3491 1250 3544 vinculo
1269 3489 1428 3556 adiungitur,

217 3568 219 3571 ’
335 3576 413 3612 causa
431 3576 477 3613 cur
494 3562 526 3613 ad
553 3564 705 3616 Mercurium
730 3572 896 3616 convertatur
917 3564 1049 3632 probatur.
1087 3563 1120 3615 ci.
1139 3562 1207 3614 inira
1227 3578 1252 3614 v.
1271 3561 1316 3614 30.
1346 3559 1428 3628 Epcd.

338 3633 379 3695 17,
398 3632 442 3684 ts.
477 3633 549 3701 Virg.
567 3635 633 3686 Aen.
652 3636 672 3699 Ι,
690 3636 733 3688 65.
771 3636 815 3688 Sic
834 3650 914 3702 saepe
932 3634 999 3702 opud
1017 3633 1130 3686 Graecos
1152 3634 1209 3706 γὰρ
1231 3631 1368 3699 particule.
1396 3661 1430 3676 -

336 3702 475 3775 Arnpbion]
498 3705 531 3755 ci.
550 3706 605 3756 Art.
617 3714 686 3771 poet.
700 3704 753 3758 394
763 3722 811 3773 sqq
841 3736 874 3747 -
894 3706 1000 3777 testudo}
1022 3704 1057 3756 ei.
1078 3705 1153 3757 non.
1172 3705 1259 3770 hymn.
1283 3704 1308 3753 in
1320 3703 1429 3753 bieronr.

336 3788 362 3822 v.
382 3774 416 3826 47
426 3789 484 3840 sqq.
521 3807 551 3817 -
592 3776 843 3845 resonareeoldido]
865 3775 979 3827 vidend
999 3775 1083 3827 Gonu.
1105 3776 1125 3839 l,
1145 3776 1169 3840 1,
1189 3776 1230 3828 18.
1258 3802 1294 3816 ·-
1326 3773 1431 3844 low}

337 3842 399 3893 oiim
420 3852 556 3911 antequam
578 3848 664 3897 nervis
690 3848 814 3898 instructo
834 3853 906 3897 esset
925 3860 1011 3913 neque
1032 3860 1126 3897 canora
1146 3860 1233 3913 neque
1253 3849 1327 3911 grata
1346 3843 1432 3893 bomi-

336 3912 431 3977 nibus,
455 3930 524 3966 nunc
552 3916 648 3984 ubique
666 3925 794 3983 accepta,
819 3925 845 3967 et
864 3916 986 3968 divitibus
1007 3915 1153 3968 bominibus
1171 3925 1198 3968 ot
1216 3916 1280 3983 ipsis
1298 3913 1358 3965 diis.
1397 3912 1431 3963 ei.

337 3983 421 4035 Carsu.
436 3983 511 4049 1,³2,
526 3987 566 4038 13.
585 3987 707 4039 Hom.0d
728 3986 851 4051 v111‚99.
879 3986 919 4038 De
937 3994 1037 4055 septem
1056 3988 1144 4039 nervis
1163 3988 1224 4038 vide
1244 3985 1319 4036 idom.
1342 3983 1430 4049 hymn.

336 4054 364 4103 iu
383 4053 459 4103 idere.
479 4057 522 4109 bl.
542 4088 573 4097 -
592 4059 720 4127 cerubin]
742 4057 802 4108 vide
822 4056 855 4108 sd
875 4057 960 4109 Germ.
980 4058 1001 4122 1,
1020 4059 1045 4123 5,
1064 4057 1090 4111 8.
1109 4087 1143 4101 -
1167 4059 1251 4110 mdo
1282 4053 1433 4124 propriede

338 4120 474 4178 fructibus.
492 4125 525 4175 ci.
546 4125 630 4179 Carni.
653 4128 686 4192 11,
705 4131 730 4191 5,
752 4128 792 4181 ii).
813 4156 843 4169 -
863 4131 1014 4196 comitesque
1032 4128 1111 4181 silone
1129 4126 1242 4249 ἄπονοι
1269 4143 1285 4176 ιι
1306 4140 1359 4194 quo
1373 4122 1433 4175 loco

339 4194 443 4245 comites
461 4194 614 4248 vocobulum
634 4214 691 4249 curn
711 4214 762 4249 nou
780 4199 864 4266 magis
883 4198 916 4249 od
940 4199 1022 4250 siivas
1054 4199 1102 4262 (ci
1125 4198 1210 4250 Germ.
1243 4238 1251 4262 ,
1273 4198 1315 4259 12,
1333 4196 1348 4248 7
1363 4198 1435 4263 sqq.)

338 4265 468 4333 pertineat
484 4281 560 4333 qnam
580 4268 613 4318 ed
630 4270 721 4337 tigres,
737 4269 850 4320 medinm
871 4267 956 4320 iocum
976 4268 1087 4320 obtinuit
1106 4269 1311 4335 instructumque
1321 4274 1363 4317 est
1375 4280 1436 4332 pnr-

339 4335 417 4386 ticuio
437 4351 502 4402 que,·
529 4352 597 4403 quse
613 4354 663 4406 qun
683 4340 784 4390 ratione
802 4339 886 4391 soleat
903 4341 1036 4406 transponi
1055 4339 1166 4391 vidend
1186 4339 1271 4391 Carni.
1292 4337 1327 4401 ii,
1346 4338 1372 4399 i,
1391 4335 1435 4387 25.

337 4436 372 4447 -
397 4406 498 4458 laudor
515 4406 603 4476 coloe]
635 4408 764 4461 Cerberus
789 4411 902 4461 cessisse
920 4409 1014 4461 dicitur
1032 4408 1137 4477 Orpheo
1161 4408 1309 4477 Eurydicen
1329 4419 1436 4458 uxorem

339 4489 373 4526 cx
391 4476 481 4528 inieris
499 4478 648 4546 rcpctenti3
677 4481 796 4533 immanis
815 4482 884 4534 enim
901 4479 962 4535 oudo
980 4488 1021 4537 est
1038 4481 1190 4535 inferorum.
1220 4512 1255 4524 -
1285 4486 1365 4548 eaput
1384 4477 1438 4529 eius
