<?xml version="1.0" encoding="UTF-8"?>
<!DOCTYPE html PUBLIC "-//W3C//DTD XHTML 1.0 Transitional//EN"
    "http://www.w3.org/TR/xhtml1/DTD/xhtml1-transitional.dtd">
<html xmlns="http://www.w3.org/1999/xhtml" xml:lang="en" lang="en">
 <head>
  <title>
</title>
<meta http-equiv="Content-Type" content="text/html;charset=utf-8" />
  <meta name='ocr-system' content='tesseract 3.04.00' />
  <meta name='ocr-capabilities' content='ocr_page ocr_carea ocr_par ocr_line ocrx_word'/>
</head>
<body>
  <div class='ocr_page' id='page_1' title='image "./operaomnia00dillgoog_0104.png"; bbox 0 0 3117 5042; ppageno 0'>
   <div class='ocr_carea' id='block_1_1' title="bbox 733 386 1011 455">
    <p class='ocr_par' dir='ltr' id='par_1_1' title="bbox 733 386 1011 455">
     <span class='ocr_line' id='line_1_1' title="bbox 733 386 1011 455; baseline -0.029 0"><span class='ocrx_word' id='word_1_1' title='bbox 733 386 1011 455; x_wconf 74' lang='lat' dir='ltr'><strong>casalinum</strong></span> 
     </span>
    </p>
   </div>
   <div class='ocr_carea' id='block_1_2' title="bbox 560 568 1083 766">
    <p class='ocr_par' dir='ltr' id='par_1_2' title="bbox 560 568 1083 766">
     <span class='ocr_line' id='line_1_2' title="bbox 560 568 1043 649; baseline -0.029 -8"><span class='ocrx_word' id='word_1_2' title='bbox 560 580 631 641; x_wconf 88' lang='lat' dir='ltr'><strong>Non</strong></span> <span class='ocrx_word' id='word_1_3' title='bbox 654 583 727 640; x_wconf 85' lang='lat' dir='ltr'><strong>ante</strong></span> <span class='ocrx_word' id='word_1_4' title='bbox 750 572 879 649; x_wconf 63' lang='lat' dir='ltr'><strong>deuotis</strong></span> <span class='ocrx_word' id='word_1_5' title='bbox 902 568 1043 633; x_wconf 81' lang='lat' dir='ltr'><strong>Sabaeae</strong></span> 
     </span>
     <span class='ocr_line' id='line_1_3' title="bbox 611 673 1083 766; baseline -0.03 -17"><span class='ocrx_word' id='word_1_6' title='bbox 611 685 747 766; x_wconf 80' lang='lat' dir='ltr'><strong>Regibus</strong></span> <span class='ocrx_word' id='word_1_7' title='bbox 769 676 969 759; x_wconf 81' lang='lat' dir='ltr'><strong>horrioilique</strong></span> <span class='ocrx_word' id='word_1_8' title='bbox 993 673 1083 737; x_wconf 88' lang='lat' dir='ltr'><strong>hledo</strong></span> 
     </span>
    </p>
   </div>
   <div class='ocr_carea' id='block_1_3' title="bbox 494 816 1189 1231">
    <p class='ocr_par' dir='ltr' id='par_1_3' title="bbox 494 816 1189 1231">
     <span class='ocr_line' id='line_1_4' title="bbox 494 816 1189 902; baseline -0.032 -3"><span class='ocrx_word' id='word_1_9' title='bbox 494 834 631 899; x_wconf 77' lang='lat' dir='ltr'><strong>allectis</strong></span> <span class='ocrx_word' id='word_1_10' title='bbox 652 830 805 894; x_wconf 65' lang='lat' dir='ltr'><strong>eatenffl</strong></span> <span class='ocrx_word' id='word_1_11' title='bbox 847 829 934 902; x_wconf 75' lang='lat' dir='ltr'><strong>Quae</strong></span> <span class='ocrx_word' id='word_1_12' title='bbox 956 821 1017 885; x_wconf 85' lang='lat' dir='ltr'><strong>tihi·</strong></span> <span class='ocrx_word' id='word_1_13' title='bbox 1035 816 1189 899; x_wconf 74' lang='lat' dir='ltr'><strong>virgiuum</strong></span> 
     </span>
     <span class='ocr_line' id='line_1_5' title="bbox 525 928 1096 1027; baseline -0.04 -17"><span class='ocrx_word' id='word_1_14' title='bbox 525 945 648 1027; x_wconf 84' lang='lat' dir='ltr'><strong>Sponso</strong></span> <span class='ocrx_word' id='word_1_15' title='bbox 669 943 779 1003; x_wconf 85' lang='lat' dir='ltr'><strong>necato</strong></span> <span class='ocrx_word' id='word_1_16' title='bbox 802 933 938 997; x_wconf 76' lang='lat' dir='ltr'><strong>bathara</strong></span> <span class='ocrx_word' id='word_1_17' title='bbox 959 928 1096 992; x_wconf 81' lang='lat' dir='ltr'><strong>servicii</strong></span> 
     </span>
     <span class='ocr_line' id='line_1_6' title="bbox 569 1027 1038 1132; baseline -0.043 -16"><span class='ocrx_word' id='word_1_18' title='bbox 569 1053 650 1132; x_wconf 79' lang='lat' dir='ltr'><strong>Puer</strong></span> <span class='ocrx_word' id='word_1_19' title='bbox 670 1048 737 1130; x_wconf 81' lang='lat' dir='ltr'><strong>quis</strong></span> <span class='ocrx_word' id='word_1_20' title='bbox 757 1064 797 1107; x_wconf 82' lang='lat' dir='ltr'><strong>ex</strong></span> <span class='ocrx_word' id='word_1_21' title='bbox 820 1043 894 1105; x_wconf 84' lang='lat' dir='ltr'><strong>anio</strong></span> <span class='ocrx_word' id='word_1_22' title='bbox 916 1027 1038 1119; x_wconf 82' lang='lat' dir='ltr'><strong>capillis</strong></span> 
     </span>
     <span class='ocr_line' id='line_1_7' title="bbox 589 1141 1121 1231; baseline -0.041 -9"><span class='ocrx_word' id='word_1_23' title='bbox 589 1157 662 1222; x_wconf 82' lang='lat' dir='ltr'><strong>&#39;Ad</strong></span> <span class='ocrx_word' id='word_1_24' title='bbox 682 1151 825 1231; x_wconf 79' lang='lat' dir='ltr'><strong>cyathum</strong></span> <span class='ocrx_word' id='word_1_25' title='bbox 846 1152 1000 1210; x_wconf 89' lang='lat' dir='ltr'><strong>statuetur</strong></span> <span class='ocrx_word' id='word_1_26' title='bbox 1022 1141 1121 1204; x_wconf 90' lang='lat' dir='ltr'><strong>unctis</strong></span> 
     </span>
    </p>
   </div>
   <div class='ocr_carea' id='block_1_4' title="bbox 482 1289 1231 1689">
    <p class='ocr_par' dir='ltr' id='par_1_4' title="bbox 482 1289 1231 1689">
     <span class='ocr_line' id='line_1_8' title="bbox 530 1289 1095 1384; baseline -0.041 -12"><span class='ocrx_word' id='word_1_27' title='bbox 530 1310 644 1371; x_wconf 78' lang='lat' dir='ltr'><strong>Doctus</strong></span> <span class='ocrx_word' id='word_1_28' title='bbox 666 1303 800 1384; x_wconf 77' lang='lat' dir='ltr'><strong>sagittas</strong></span> <span class='ocrx_word' id='word_1_29' title='bbox 821 1294 947 1362; x_wconf 86' lang='lat' dir='ltr'><strong>tendere</strong></span> <span class='ocrx_word' id='word_1_30' title='bbox 969 1289 1095 1354; x_wconf 87' lang='lat' dir='ltr'><strong>Sericas</strong></span> 
     </span>
     <span class='ocr_line' id='line_1_9' title="bbox 482 1370 1231 1493; baseline -0.04 -15"><span class='ocrx_word' id='word_1_31' title='bbox 482 1436 510 1478; x_wconf 83' lang='lat' dir='ltr'><strong>ro</strong></span> <span class='ocrx_word' id='word_1_32' title='bbox 533 1410 789 1493; x_wconf 76' lang='lat' dir='ltr'><strong>trcopaoeroot</strong></span> <span class='ocrx_word' id='word_1_33' title='bbox 825 1404 901 1482; x_wconf 78' lang='lat' dir='ltr'><strong>Quis</strong></span> <span class='ocrx_word' id='word_1_34' title='bbox 922 1403 1016 1480; x_wconf 86' lang='lat' dir='ltr'><strong>neget</strong></span> <span class='ocrx_word' id='word_1_35' title='bbox 1038 1375 1145 1460; x_wconf 78' lang='lat' dir='ltr'><strong>arduis</strong></span> <span class='ocrx_word' id='word_1_36' title='bbox 1227 1370 1231 1374; x_wconf 40' lang='grc'><strong>“</strong></span> 
     </span>
     <span class='ocr_line' id='line_1_10' title="bbox 575 1506 1032 1594; baseline -0.044 -9"><span class='ocrx_word' id='word_1_37' title='bbox 575 1523 693 1585; x_wconf 90' lang='lat' dir='ltr'><strong>Pronos</strong></span> <span class='ocrx_word' id='word_1_38' title='bbox 713 1515 813 1579; x_wconf 85' lang='lat' dir='ltr'><strong>relabi</strong></span> <span class='ocrx_word' id='word_1_39' title='bbox 835 1528 925 1594; x_wconf 86' lang='lat' dir='ltr'><strong>posse</strong></span> <span class='ocrx_word' id='word_1_40' title='bbox 946 1506 1032 1570; x_wconf 85' lang='lat' dir='ltr'><strong>rivos</strong></span> 
     </span>
     <span class='ocr_line' id='line_1_11' title="bbox 618 1605 1142 1689; baseline -0.046 1"><span class='ocrx_word' id='word_1_41' title='bbox 618 1623 773 1689; x_wconf 81' lang='lat' dir='ltr'><strong>Montibus</strong></span> <span class='ocrx_word' id='word_1_42' title='bbox 794 1627 824 1681; x_wconf 90' lang='lat' dir='ltr'><strong>et</strong></span> <span class='ocrx_word' id='word_1_43' title='bbox 846 1614 982 1680; x_wconf 81' lang='lat' dir='ltr'>Tiberim</span> <span class='ocrx_word' id='word_1_44' title='bbox 1002 1605 1142 1683; x_wconf 82' lang='lat' dir='ltr'><strong>reverti,</strong></span> 
     </span>
    </p>
   </div>
   <div class='ocr_carea' id='block_1_5' title="bbox 482 1753 1224 2157">
    <p class='ocr_par' dir='ltr' id='par_1_5' title="bbox 482 1753 1224 2157">
     <span class='ocr_line' id='line_1_12' title="bbox 537 1753 1125 1849; baseline -0.044 -10"><span class='ocrx_word' id='word_1_45' title='bbox 537 1775 612 1842; x_wconf 84' lang='lat' dir='ltr'><strong>com</strong></span> <span class='ocrx_word' id='word_1_46' title='bbox 627 1781 661 1834; x_wconf 91' lang='lat' dir='ltr'><strong>tu</strong></span> <span class='ocrx_word' id='word_1_47' title='bbox 682 1774 838 1849; x_wconf 82' lang='lat' dir='ltr'><strong>coemptos</strong></span> <span class='ocrx_word' id='word_1_48' title='bbox 861 1761 991 1841; x_wconf 80' lang='lat' dir='ltr'><strong>undique</strong></span> <span class='ocrx_word' id='word_1_49' title='bbox 1013 1753 1125 1818; x_wconf 85' lang='lat' dir='ltr'><strong>nobilis</strong></span> 
     </span>
     <span class='ocr_line' id='line_1_13' title="bbox 539 1859 1209 1946; baseline -0.043 0"><span class='ocrx_word' id='word_1_50' title='bbox 539 1883 650 1946; x_wconf 84' lang='lat' dir='ltr'><strong>hihros</strong></span> <span class='ocrx_word' id='word_1_51' title='bbox 671 1876 799 1941; x_wconf 84' lang='lat' dir='ltr'><strong>Panaeti</strong></span> <span class='ocrx_word' id='word_1_52' title='bbox 820 1867 1013 1935; x_wconf 82' lang='lat' dir='ltr'><strong>Socraticam</strong></span> <span class='ocrx_word' id='word_1_53' title='bbox 1036 1868 1066 1923; x_wconf 88' lang='lat' dir='ltr'><strong>ct</strong></span> <span class='ocrx_word' id='word_1_54' title='bbox 1089 1859 1209 1920; x_wconf 83' lang='lat' dir='ltr'><strong>domurn</strong></span> 
     </span>
     <span class='ocr_line' id='line_1_14' title="bbox 482 1959 1224 2052; baseline -0.038 -1"><span class='ocrx_word' id='word_1_55' title='bbox 482 2009 510 2051; x_wconf 81' lang='lat' dir='ltr'><strong>ss</strong></span> <span class='ocrx_word' id='word_1_56' title='bbox 575 1990 697 2052; x_wconf 80' lang='lat' dir='ltr'><strong>Mutare</strong></span> <span class='ocrx_word' id='word_1_57' title='bbox 719 1982 826 2046; x_wconf 89' lang='lat' dir='ltr'><strong>loricis</strong></span> <span class='ocrx_word' id='word_1_58' title='bbox 848 1975 972 2042; x_wconf 86' lang='lat' dir='ltr'><strong>iliberis</strong></span> <span class='ocrx_word' id='word_1_59' title='bbox 1221 1959 1224 1960; x_wconf 43' lang='lat'><em>⁷</em></span> 
     </span>
     <span class='ocr_line' id='line_1_15' title="bbox 626 2077 1090 2157; baseline -0.047 2"><span class='ocrx_word' id='word_1_60' title='bbox 626 2092 787 2157; x_wconf 77' lang='lat' dir='ltr'><strong>Pollicitus</strong></span> <span class='ocrx_word' id='word_1_61' title='bbox 809 2087 940 2152; x_wconf 85' lang='lat' dir='ltr'><strong>meliora</strong></span> <span class='ocrx_word' id='word_1_62' title='bbox 961 2077 1090 2142; x_wconf 76' lang='lat' dir='ltr'><strong>tendist</strong></span> 
     </span>
    </p>
   </div>
   <div class='ocr_carea' id='block_1_6' title="bbox 344 2259 1547 2574">
    <p class='ocr_par' dir='ltr' id='par_1_6' title="bbox 344 2259 1449 2507">
     <span class='ocr_line' id='line_1_16' title="bbox 344 2259 1447 2367; baseline -0.047 -15"><span class='ocrx_word' id='word_1_63' title='bbox 344 2300 427 2367; x_wconf 86' lang='lat' dir='ltr'><strong>parari</strong></span> <span class='ocrx_word' id='word_1_64' title='bbox 446 2303 533 2364; x_wconf 86' lang='lat' dir='ltr'><strong>potest</strong></span> <span class='ocrx_word' id='word_1_65' title='bbox 551 2293 634 2345; x_wconf 77' lang='lat' dir='ltr'><strong>Carnu</strong></span> <span class='ocrx_word' id='word_1_66' title='bbox 655 2291 676 2354; x_wconf 92' lang='lat'><strong>1,</strong></span> <span class='ocrx_word' id='word_1_67' title='bbox 694 2291 720 2344; x_wconf 87' lang='grc'><strong>8.</strong></span> <span class='ocrx_word' id='word_1_68' title='bbox 741 2320 773 2330; x_wconf 92' lang='grc'>-</span> <span class='ocrx_word' id='word_1_69' title='bbox 796 2279 926 2351; x_wconf 75' lang='lat' dir='ltr'><strong>Sabaeae]</strong></span> <span class='ocrx_word' id='word_1_70' title='bbox 947 2271 1059 2344; x_wconf 88' lang='lat' dir='ltr'><strong>populns</strong></span> <span class='ocrx_word' id='word_1_71' title='bbox 1077 2265 1190 2319; x_wconf 78' lang='lat' dir='ltr'><strong>Arabiae</strong></span> <span class='ocrx_word' id='word_1_72' title='bbox 1208 2259 1311 2322; x_wconf 89' lang='lat' dir='ltr'><strong>lelicis,</strong></span> <span class='ocrx_word' id='word_1_73' title='bbox 1333 2269 1447 2323; x_wconf 79' lang='lat' dir='ltr'><strong>qaorum</strong></span> 
     </span>
     <span class='ocr_line' id='line_1_17' title="bbox 346 2325 1446 2436; baseline -0.044 -16"><span class='ocrx_word' id='word_1_74' title='bbox 346 2377 423 2436; x_wconf 85' lang='lat' dir='ltr'><strong>caput</strong></span> <span class='ocrx_word' id='word_1_75' title='bbox 442 2367 517 2421; x_wconf 76' lang='lat' dir='ltr'><strong>Sabo</strong></span> <span class='ocrx_word' id='word_1_76' title='bbox 536 2396 569 2405; x_wconf 95' lang='lat'><em>-</em></span> <span class='ocrx_word' id='word_1_77' title='bbox 590 2382 624 2414; x_wconf 76' lang='lat' dir='ltr'><strong>ex</strong></span> <span class='ocrx_word' id='word_1_78' title='bbox 640 2363 712 2430; x_wconf 77' lang='lat' dir='ltr'><strong>eain]</strong></span> <span class='ocrx_word' id='word_1_79' title='bbox 732 2359 828 2425; x_wconf 80' lang='lat' dir='ltr'><strong>regia;</strong></span> <span class='ocrx_word' id='word_1_80' title='bbox 849 2351 909 2403; x_wconf 83' lang='lat' dir='ltr'><strong>vide</strong></span> <span class='ocrx_word' id='word_1_81' title='bbox 928 2348 984 2399; x_wconf 83' lang='lat' dir='ltr'><strong>Liv.</strong></span> <span class='ocrx_word' id='word_1_82' title='bbox 1003 2341 1078 2403; x_wconf 73' lang='lat' dir='ltr'><strong>stt,</strong></span> <span class='ocrx_word' id='word_1_83' title='bbox 1097 2338 1114 2390; x_wconf 83' lang='lat'>6</span> <span class='ocrx_word' id='word_1_84' title='bbox 1143 2365 1177 2377; x_wconf 80' lang='lat'><em>-</em></span> <span class='ocrx_word' id='word_1_85' title='bbox 1198 2333 1308 2399; x_wconf 62' lang='lat' dir='ltr'><strong>sopitos</strong></span> <span class='ocrx_word' id='word_1_86' title='bbox 1326 2325 1446 2395; x_wconf 67' lang='lat' dir='ltr'><strong>tenderet</strong></span> 
     </span>
     <span class='ocr_line' id='line_1_18' title="bbox 346 2394 1449 2507; baseline -0.045 -15"><span class='ocrx_word' id='word_1_87' title='bbox 346 2439 425 2507; x_wconf 88' lang='lat' dir='ltr'><strong>paulo</strong></span> <span class='ocrx_word' id='word_1_88' title='bbox 438 2437 560 2489; x_wconf 85' lang='lat' dir='ltr'><strong>audacius</strong></span> <span class='ocrx_word' id='word_1_89' title='bbox 573 2433 676 2496; x_wconf 88' lang='lat' dir='ltr'><strong>dicturn,</strong></span> <span class='ocrx_word' id='word_1_90' title='bbox 698 2446 755 2481; x_wconf 86' lang='lat' dir='ltr'><strong>cum</strong></span> <span class='ocrx_word' id='word_1_91' title='bbox 777 2442 852 2478; x_wconf 84' lang='lat' dir='ltr'><strong>arcus</strong></span> <span class='ocrx_word' id='word_1_92' title='bbox 870 2420 975 2490; x_wconf 90' lang='lat' dir='ltr'><strong>proprie</strong></span> <span class='ocrx_word' id='word_1_93' title='bbox 993 2411 1129 2468; x_wconf 81' lang='lat' dir='ltr'><strong>tendatur3</strong></span> <span class='ocrx_word' id='word_1_94' title='bbox 1148 2422 1165 2456; x_wconf 93' lang='lat' dir='ltr'><strong>a</strong></span> <span class='ocrx_word' id='word_1_95' title='bbox 1180 2419 1231 2472; x_wconf 87' lang='lat' dir='ltr'><strong>qua</strong></span> <span class='ocrx_word' id='word_1_96' title='bbox 1253 2410 1342 2454; x_wconf 79' lang='lat' dir='ltr'><strong>tomen</strong></span> <span class='ocrx_word' id='word_1_97' title='bbox 1363 2394 1449 2446; x_wconf 85' lang='lat' dir='ltr'><strong>auda·</strong></span> 
     </span>
    </p>

    <p class='ocr_par' dir='ltr' id='par_1_7' title="bbox 348 2470 1547 2574">
     <span class='ocr_line' id='line_1_19' title="bbox 348 2470 1547 2574; baseline -0.047 -11"><span class='ocrx_word' id='word_1_98' title='bbox 348 2514 388 2561; x_wconf 89' lang='lat' dir='ltr'><strong>cio</strong></span> <span class='ocrx_word' id='word_1_99' title='bbox 405 2526 439 2560; x_wconf 89' lang='lat' dir='ltr'><strong>ne</strong></span> <span class='ocrx_word' id='word_1_100' title='bbox 457 2511 546 2574; x_wconf 88' lang='lat' dir='ltr'><strong>epicns</strong></span> <span class='ocrx_word' id='word_1_101' title='bbox 564 2504 667 2571; x_wconf 87' lang='lat' dir='ltr'><strong>quidem</strong></span> <span class='ocrx_word' id='word_1_102' title='bbox 684 2499 809 2566; x_wconf 76' lang='lat' dir='ltr'><strong>Virgilius</strong></span> <span class='ocrx_word' id='word_1_103' title='bbox 828 2491 961 2546; x_wconf 83' lang='lat' dir='ltr'><strong>abhorruit</strong></span> <span class='ocrx_word' id='word_1_104' title='bbox 978 2488 1044 2539; x_wconf 73' lang='lat' dir='ltr'><strong>Aen,</strong></span> <span class='ocrx_word' id='word_1_105' title='bbox 1065 2481 1094 2544; x_wconf 87' lang='lat' dir='ltr'><strong>V,</strong></span> <span class='ocrx_word' id='word_1_106' title='bbox 1114 2476 1174 2530; x_wconf 78' lang='lat'>508.</span> <span class='ocrx_word' id='word_1_107' title='bbox 1212 2475 1291 2525; x_wconf 89' lang='lat' dir='ltr'><strong>Seres</strong></span> <span class='ocrx_word' id='word_1_108' title='bbox 1307 2476 1399 2519; x_wconf 79' lang='lat' dir='ltr'><strong>autern</strong></span> <span class='ocrx_word' id='word_1_109' title='bbox 1422 2470 1451 2513; x_wconf 91' lang='lat' dir='ltr'><strong>ut</strong></span> <span class='ocrx_word' id='word_1_110' title='bbox 1546 2471 1547 2474; x_wconf 73' lang='grc'>’</span> 
     </span>
    </p>
   </div>
   <div class='ocr_carea' id='block_1_7' title="bbox 340 2533 1547 3701">
    <p class='ocr_par' dir='ltr' id='par_1_8' title="bbox 347 2533 1547 2712">
     <span class='ocr_line' id='line_1_20' title="bbox 347 2533 1547 2641; baseline -0.044 -10"><span class='ocrx_word' id='word_1_111' title='bbox 347 2596 437 2631; x_wconf 88' lang='lat' dir='ltr'><strong>onrnes</strong></span> <span class='ocrx_word' id='word_1_112' title='bbox 457 2576 596 2629; x_wconf 81' lang='lat' dir='ltr'><strong>orientales</strong></span> <span class='ocrx_word' id='word_1_113' title='bbox 617 2581 710 2641; x_wconf 85' lang='lat' dir='ltr'><strong>gentes</strong></span> <span class='ocrx_word' id='word_1_114' title='bbox 726 2569 923 2622; x_wconf 81' lang='lat' dir='ltr'><strong>nobiles-eraut</strong></span> <span class='ocrx_word' id='word_1_115' title='bbox 943 2552 1078 2624; x_wconf 78' lang='lat' dir='ltr'><strong>sagittarii.</strong></span> <span class='ocrx_word' id='word_1_116' title='bbox 1098 2581 1131 2590; x_wconf 98' lang='lat'>-</span> <span class='ocrx_word' id='word_1_117' title='bbox 1158 2545 1367 2613; x_wconf 77' lang='lat' dir='ltr'><strong>orcupatemo1</strong></span> <span class='ocrx_word' id='word_1_118' title='bbox 1388 2533 1450 2587; x_wconf 80' lang='lat' dir='ltr'><strong>vide</strong></span> <span class='ocrx_word' id='word_1_119' title='bbox 1546 2533 1547 2608; x_wconf 48' lang='lat' dir='ltr'><strong>J</strong></span> 
     </span>
     <span class='ocr_line' id='line_1_21' title="bbox 349 2613 1547 2712; baseline -0.032 -11"><span class='ocrx_word' id='word_1_120' title='bbox 349 2650 433 2701; x_wconf 73' lang='lat' dir='ltr'><strong>earm.</strong></span> <span class='ocrx_word' id='word_1_121' title='bbox 451 2648 484 2712; x_wconf 87' lang='lat' dir='ltr'><strong>ll,</strong></span> <span class='ocrx_word' id='word_1_122' title='bbox 504 2648 544 2711; x_wconf 82' lang='lat'><strong>13,</strong></span> <span class='ocrx_word' id='word_1_123' title='bbox 565 2645 605 2696; x_wconf 87' lang='lat'><strong>17.</strong></span> <span class='ocrx_word' id='word_1_124' title='bbox 1066 2652 1069 2655; x_wconf 52' lang='lat'><strong>&gt;</strong></span> <span class='ocrx_word' id='word_1_125' title='bbox 1546 2613 1547 2620; x_wconf 72' lang='grc'>’</span> 
     </span>
    </p>

    <p class='ocr_par' dir='ltr' id='par_1_9' title="bbox 340 2700 1547 3701">
     <span class='ocr_line' id='line_1_22' title="bbox 419 2700 1453 2803; baseline -0.045 -9"><span class='ocrx_word' id='word_1_126' title='bbox 419 2743 448 2792; x_wconf 83' lang='lat' dir='ltr'><strong>V.</strong></span> <span class='ocrx_word' id='word_1_127' title='bbox 471 2740 511 2790; x_wconf 89' lang='lat'><strong>10.</strong></span> <span class='ocrx_word' id='word_1_128' title='bbox 552 2739 641 2789; x_wconf 68' lang='lat' dir='ltr'><strong>ordros</strong></span> <span class='ocrx_word' id='word_1_129' title='bbox 658 2736 765 2803; x_wconf 79' lang='lat' dir='ltr'><strong>pronos]</strong></span> <span class='ocrx_word' id='word_1_130' title='bbox 795 2732 908 2782; x_wconf 83' lang='lat' dir='ltr'><strong>Pronum</strong></span> <span class='ocrx_word' id='word_1_131' title='bbox 925 2737 983 2773; x_wconf 85' lang='lat' dir='ltr'><strong>eam</strong></span> <span class='ocrx_word' id='word_1_132' title='bbox 1003 2719 1038 2770; x_wconf 87' lang='lat' dir='ltr'><strong>sit</strong></span> <span class='ocrx_word' id='word_1_133' title='bbox 1055 2712 1123 2782; x_wconf 87' lang='lat' dir='ltr'><strong>quod</strong></span> <span class='ocrx_word' id='word_1_134' title='bbox 1144 2727 1192 2778; x_wconf 91' lang='lat' dir='ltr'><strong>per</strong></span> <span class='ocrx_word' id='word_1_135' title='bbox 1209 2707 1314 2759; x_wconf 84' lang='lat' dir='ltr'><strong>declive</strong></span> <span class='ocrx_word' id='word_1_136' title='bbox 1334 2700 1453 2752; x_wconf 82' lang='lat' dir='ltr'><strong>decurrit</strong></span> 
     </span>
     <span class='ocr_line' id='line_1_23' title="bbox 352 2771 1455 2880; baseline -0.042 -16"><span class='ocrx_word' id='word_1_137' title='bbox 352 2813 436 2880; x_wconf 75' lang='lat' dir='ltr'><strong>(vag.</strong></span> <span class='ocrx_word' id='word_1_138' title='bbox 457 2811 550 2876; x_wconf 83' lang='lat' dir='ltr'><strong>Georg.</strong></span> <span class='ocrx_word' id='word_1_139' title='bbox 571 2809 592 2871; x_wconf 89' lang='lat' dir='ltr'><strong>l,</strong></span> <span class='ocrx_word' id='word_1_140' title='bbox 613 2806 688 2874; x_wconf 77' lang='lat'>203),</span> <span class='ocrx_word' id='word_1_141' title='bbox 708 2804 758 2860; x_wconf 79' lang='lat' dir='ltr'><strong>hac,</strong></span> <span class='ocrx_word' id='word_1_142' title='bbox 774 2804 831 2867; x_wconf 86' lang='lat' dir='ltr'><strong>ipsa</strong></span> <span class='ocrx_word' id='word_1_143' title='bbox 849 2794 966 2862; x_wconf 75' lang='lat' dir='ltr'><strong>oxymori</strong></span> <span class='ocrx_word' id='word_1_144' title='bbox 986 2786 1152 2855; x_wconf 86' lang='lat' dir='ltr'><strong>oppositione</strong></span> <span class='ocrx_word' id='word_1_145' title='bbox 1164 2780 1272 2847; x_wconf 80' lang='lat' dir='ltr'><strong>egregie</strong></span> <span class='ocrx_word' id='word_1_146' title='bbox 1292 2771 1455 2832; x_wconf 84' lang='lat' dir='ltr'><strong>ostenditur,</strong></span> 
     </span>
     <span class='ocr_line' id='line_1_24' title="bbox 353 2844 1454 2947; baseline -0.04 -14"><span class='ocrx_word' id='word_1_147' title='bbox 353 2882 416 2933; x_wconf 89' lang='lat' dir='ltr'><strong>nihil</strong></span> <span class='ocrx_word' id='word_1_148' title='bbox 435 2883 518 2947; x_wconf 82' lang='lat' dir='ltr'><strong>magis</strong></span> <span class='ocrx_word' id='word_1_149' title='bbox 534 2882 602 2929; x_wconf 89' lang='lat' dir='ltr'><strong>inter</strong></span> <span class='ocrx_word' id='word_1_150' title='bbox 621 2893 649 2928; x_wconf 92' lang='lat' dir='ltr'><strong>se</strong></span> <span class='ocrx_word' id='word_1_151' title='bbox 670 2875 826 2926; x_wconf 87' lang='lat' dir='ltr'><strong>contrarium</strong></span> <span class='ocrx_word' id='word_1_152' title='bbox 846 2882 905 2919; x_wconf 86' lang='lat' dir='ltr'><strong>esse</strong></span> <span class='ocrx_word' id='word_1_153' title='bbox 924 2864 974 2915; x_wconf 91' lang='lat' dir='ltr'><strong>nisi</strong></span> <span class='ocrx_word' id='word_1_154' title='bbox 994 2859 1090 2911; x_wconf 80' lang='lat' dir='ltr'><strong>arduos</strong></span> <span class='ocrx_word' id='word_1_155' title='bbox 1102 2860 1200 2904; x_wconf 74' lang='lat' dir='ltr'><strong>ortontes</strong></span> <span class='ocrx_word' id='word_1_156' title='bbox 1213 2857 1239 2900; x_wconf 90' lang='lat' dir='ltr'><strong>et</strong></span> <span class='ocrx_word' id='word_1_157' title='bbox 1255 2861 1354 2916; x_wconf 82' lang='lat' dir='ltr'><strong>pronos</strong></span> <span class='ocrx_word' id='word_1_158' title='bbox 1363 2844 1438 2893; x_wconf 72' lang='lat' dir='ltr'><strong>rinos</strong></span> <span class='ocrx_word' id='word_1_159' title='bbox 1445 2857 1454 2903; x_wconf 86' lang='lat'>;</span> 
     </span>
     <span class='ocr_line' id='line_1_25' title="bbox 352 2914 1457 3012; baseline -0.041 -8"><span class='ocrx_word' id='word_1_160' title='bbox 352 2953 390 3004; x_wconf 92' lang='lat' dir='ltr'><strong>illi</strong></span> <span class='ocrx_word' id='word_1_161' title='bbox 410 2950 578 3012; x_wconf 78' lang='lat' dir='ltr'><strong>adscendunt,</strong></span> <span class='ocrx_word' id='word_1_162' title='bbox 596 2947 621 2998; x_wconf 87' lang='lat' dir='ltr'><strong>hi</strong></span> <span class='ocrx_word' id='word_1_163' title='bbox 641 2945 811 3005; x_wconf 83' lang='lat' dir='ltr'><strong>discendunt3</strong></span> <span class='ocrx_word' id='word_1_164' title='bbox 831 2939 935 2994; x_wconf 84' lang='lat' dir='ltr'><strong>humina</strong></span> <span class='ocrx_word' id='word_1_165' title='bbox 954 2947 999 2998; x_wconf 88' lang='lat' dir='ltr'><strong>per</strong></span> <span class='ocrx_word' id='word_1_166' title='bbox 1017 2925 1205 2979; x_wconf 82' lang='lat' dir='ltr'><strong>adscendentes</strong></span> <span class='ocrx_word' id='word_1_167' title='bbox 1223 2914 1457 2970; x_wconf 86' lang='lat' dir='ltr'><strong>montesdescen-</strong></span> 
     </span>
     <span class='ocr_line' id='line_1_26' title="bbox 340 2983 1455 3088; baseline -0.042 -11"><span class='ocrx_word' id='word_1_168' title='bbox 340 3024 415 3086; x_wconf 60' lang='lat' dir='ltr'><strong>,dero</strong></span> <span class='ocrx_word' id='word_1_169' title='bbox 433 3028 573 3088; x_wconf 82' lang='lat' dir='ltr'><strong>nequeunt.</strong></span> <span class='ocrx_word' id='word_1_170' title='bbox 583 3049 616 3059; x_wconf 92' lang='lat'>-</span> <span class='ocrx_word' id='word_1_171' title='bbox 635 3027 659 3069; x_wconf 79' lang='lat' dir='ltr'><strong>et</strong></span> <span class='ocrx_word' id='word_1_172' title='bbox 679 3015 796 3084; x_wconf 68' lang='lat' dir='ltr'><strong>Tiberim}</strong></span> <span class='ocrx_word' id='word_1_173' title='bbox 816 3006 981 3074; x_wconf 81' lang='lat' dir='ltr'><strong>amplificatio</strong></span> <span class='ocrx_word' id='word_1_174' title='bbox 995 3015 1043 3066; x_wconf 87' lang='lat' dir='ltr'><strong>per</strong></span> <span class='ocrx_word' id='word_1_175' title='bbox 1056 2992 1222 3059; x_wconf 64' lang='lat' dir='ltr'><strong>exemplum</strong></span> <span class='ocrx_word' id='word_1_176' title='bbox 1244 2988 1307 3040; x_wconf 89' lang='lat' dir='ltr'><strong>vide</strong></span> <span class='ocrx_word' id='word_1_177' title='bbox 1318 2985 1352 3035; x_wconf 87' lang='lat' dir='ltr'><strong>ad</strong></span> <span class='ocrx_word' id='word_1_178' title='bbox 1366 2983 1455 3034; x_wconf 74' lang='lat' dir='ltr'><strong>carm.</strong></span> 
     </span>
     <span class='ocr_line' id='line_1_27' title="bbox 354 3053 1457 3156; baseline -0.042 -10"><span class='ocrx_word' id='word_1_179' title='bbox 354 3096 375 3156; x_wconf 87' lang='grc' dir='ltr'><strong>Ι,</strong></span> <span class='ocrx_word' id='word_1_180' title='bbox 391 3095 417 3154; x_wconf 85' lang='grc'><strong>3,</strong></span> <span class='ocrx_word' id='word_1_181' title='bbox 440 3092 480 3145; x_wconf 85' lang='lat'><strong>19.</strong></span> <span class='ocrx_word' id='word_1_182' title='bbox 501 3123 534 3132; x_wconf 95' lang='lat'>-</span> <span class='ocrx_word' id='word_1_183' title='bbox 553 3097 677 3155; x_wconf 62' lang='lat' dir='ltr'><strong>coemptos</strong></span> <span class='ocrx_word' id='word_1_184' title='bbox 694 3083 817 3155; x_wconf 71' lang='lat' dir='ltr'><strong>undique}</strong></span> <span class='ocrx_word' id='word_1_185' title='bbox 837 3077 1001 3145; x_wconf 76' lang='lat' dir='ltr'><strong>significatur</strong></span> <span class='ocrx_word' id='word_1_186' title='bbox 1018 3069 1059 3120; x_wconf 88' lang='lat' dir='ltr'><strong>his</strong></span> <span class='ocrx_word' id='word_1_187' title='bbox 1078 3065 1165 3117; x_wconf 86' lang='lat' dir='ltr'><strong>verhis</strong></span> <span class='ocrx_word' id='word_1_188' title='bbox 1184 3070 1374 3128; x_wconf 68' lang='lat' dir='ltr'><strong>magnumque</strong></span> <span class='ocrx_word' id='word_1_189' title='bbox 1393 3053 1457 3102; x_wconf 88' lang='lat' dir='ltr'><strong>olim</strong></span> 
     </span>
     <span class='ocr_line' id='line_1_28' title="bbox 354 3122 1459 3221; baseline -0.04 -7"><span class='ocrx_word' id='word_1_190' title='bbox 354 3164 439 3214; x_wconf 87' lang='lat' dir='ltr'><strong>iccius</strong></span> <span class='ocrx_word' id='word_1_191' title='bbox 458 3160 564 3211; x_wconf 77' lang='lat' dir='ltr'><strong>ardebat</strong></span> <span class='ocrx_word' id='word_1_192' title='bbox 581 3157 694 3209; x_wconf 82' lang='lat' dir='ltr'><strong>studium</strong></span> <span class='ocrx_word' id='word_1_193' title='bbox 712 3151 909 3221; x_wconf 82' lang='lat' dir='ltr'><strong>philosophiae,</strong></span> <span class='ocrx_word' id='word_1_194' title='bbox 927 3159 979 3213; x_wconf 67' lang='lat' dir='ltr'><strong>quo</strong></span> <span class='ocrx_word' id='word_1_195' title='bbox 997 3137 1122 3207; x_wconf 86' lang='lat' dir='ltr'><strong>quidquid</strong></span> <span class='ocrx_word' id='word_1_196' title='bbox 1141 3133 1265 3185; x_wconf 87' lang='lat' dir='ltr'><strong>librorum</strong></span> <span class='ocrx_word' id='word_1_197' title='bbox 1283 3122 1459 3194; x_wconf 87' lang='lat' dir='ltr'><strong>philosophi-</strong></span> 
     </span>
     <span class='ocr_line' id='line_1_29' title="bbox 357 3198 1459 3293; baseline -0.038 -10"><span class='ocrx_word' id='word_1_198' title='bbox 357 3230 533 3293; x_wconf 71' lang='lat' dir='ltr'><strong>coronulis,</strong></span> <span class='ocrx_word' id='word_1_199' title='bbox 552 3230 653 3278; x_wconf 77' lang='lat' dir='ltr'><strong>coemit.</strong></span> <span class='ocrx_word' id='word_1_200' title='bbox 689 3225 786 3292; x_wconf 74' lang='lat' dir='ltr'><strong>licque⁴</strong></span> <span class='ocrx_word' id='word_1_201' title='bbox 798 3217 944 3273; x_wconf 89' lang='lat' dir='ltr'><strong>inconsulto</strong></span> <span class='ocrx_word' id='word_1_202' title='bbox 963 3211 1044 3267; x_wconf 79' lang='lat' dir='ltr'><strong>stoici</strong></span> <span class='ocrx_word' id='word_1_203' title='bbox 1063 3207 1182 3260; x_wconf 77' lang='lat' dir='ltr'><strong>Panaetii</strong></span> <span class='ocrx_word' id='word_1_204' title='bbox 1197 3202 1296 3254; x_wconf 86' lang='lat' dir='ltr'><strong>mentio</strong></span> <span class='ocrx_word' id='word_1_205' title='bbox 1316 3198 1390 3247; x_wconf 87' lang='lat' dir='ltr'><strong>lacta</strong></span> <span class='ocrx_word' id='word_1_206' title='bbox 1409 3199 1459 3256; x_wconf 86' lang='lat' dir='ltr'><strong>est,</strong></span> 
     </span>
     <span class='ocr_line' id='line_1_30' title="bbox 357 3270 1461 3367; baseline -0.04 -11"><span class='ocrx_word' id='word_1_207' title='bbox 357 3302 455 3367; x_wconf 77' lang='lat' dir='ltr'><strong>quippe</strong></span> <span class='ocrx_word' id='word_1_208' title='bbox 483 3301 526 3366; x_wconf 89' lang='lat' dir='ltr'><strong>qui</strong></span> <span class='ocrx_word' id='word_1_209' title='bbox 551 3297 615 3348; x_wconf 90' lang='lat' dir='ltr'><strong>nihil</strong></span> <span class='ocrx_word' id='word_1_210' title='bbox 640 3295 812 3361; x_wconf 79' lang='lat' dir='ltr'><strong>expetendum</strong></span> <span class='ocrx_word' id='word_1_211' title='bbox 839 3289 955 3341; x_wconf 85' lang='lat' dir='ltr'><strong>docuerit</strong></span> <span class='ocrx_word' id='word_1_212' title='bbox 980 3283 1038 3345; x_wconf 86' lang='lat' dir='ltr'><strong>nisi</strong></span> <span class='ocrx_word' id='word_1_213' title='bbox 1053 3279 1208 3335; x_wconf 63' lang='lat' dir='ltr'><strong>honestum</strong></span> <span class='ocrx_word' id='word_1_214' title='bbox 1241 3270 1327 3328; x_wconf 86' lang='lat' dir='ltr'><strong>ntsic</strong></span> <span class='ocrx_word' id='word_1_215' title='bbox 1349 3279 1461 3334; x_wconf 90' lang='lat' dir='ltr'><strong>quoque</strong></span> 
     </span>
     <span class='ocr_line' id='line_1_31' title="bbox 359 3335 1462 3436; baseline -0.034 -16"><span class='ocrx_word' id='word_1_216' title='bbox 359 3371 437 3436; x_wconf 83' lang='lat' dir='ltr'><strong>plane</strong></span> <span class='ocrx_word' id='word_1_217' title='bbox 457 3371 600 3419; x_wconf 87' lang='lat' dir='ltr'><strong>contrarius</strong></span> <span class='ocrx_word' id='word_1_218' title='bbox 619 3368 681 3418; x_wconf 92' lang='lat' dir='ltr'><strong>lccii</strong></span> <span class='ocrx_word' id='word_1_219' title='bbox 701 3367 800 3415; x_wconf 74' lang='lat' dir='ltr'><strong>anhnus</strong></span> <span class='ocrx_word' id='word_1_220' title='bbox 818 3361 949 3428; x_wconf 81' lang='lat' dir='ltr'><strong>prodatur.</strong></span> <span class='ocrx_word' id='word_1_221' title='bbox 971 3384 1005 3395; x_wconf 90' lang='lat'>-</span> <span class='ocrx_word' id='word_1_222' title='bbox 1024 3349 1145 3416; x_wconf 74' lang='lat' dir='ltr'><strong>Porrecto]</strong></span> <span class='ocrx_word' id='word_1_223' title='bbox 1168 3344 1228 3395; x_wconf 87' lang='lat' dir='ltr'><strong>vide</strong></span> <span class='ocrx_word' id='word_1_224' title='bbox 1246 3341 1279 3393; x_wconf 89' lang='lat' dir='ltr'><strong>ad</strong></span> <span class='ocrx_word' id='word_1_225' title='bbox 1297 3339 1387 3404; x_wconf 78' lang='lat' dir='ltr'><strong>Canon.</strong></span> <span class='ocrx_word' id='word_1_226' title='bbox 1403 3335 1462 3398; x_wconf 75' lang='lat' dir='ltr'><strong>1,‘t‚</strong></span> 
     </span>
     <span class='ocr_line' id='line_1_32' title="bbox 358 3405 1547 3499; baseline -0.036 -6"><span class='ocrx_word' id='word_1_227' title='bbox 358 3442 402 3493; x_wconf 76' lang='lat'><strong>26.</strong></span> <span class='ocrx_word' id='word_1_228' title='bbox 438 3439 477 3491; x_wconf 88' lang='lat' dir='ltr'><strong>De</strong></span> <span class='ocrx_word' id='word_1_229' title='bbox 497 3439 617 3490; x_wconf 87' lang='lat' dir='ltr'><strong>Panaetio</strong></span> <span class='ocrx_word' id='word_1_230' title='bbox 637 3435 748 3499; x_wconf 85' lang='lat' dir='ltr'><strong>Rhodio,</strong></span> <span class='ocrx_word' id='word_1_231' title='bbox 767 3436 911 3487; x_wconf 86' lang='lat' dir='ltr'><strong>Stoicorum</strong></span> <span class='ocrx_word' id='word_1_232' title='bbox 932 3424 1059 3494; x_wconf 84' lang='lat' dir='ltr'><strong>principe,</strong></span> <span class='ocrx_word' id='word_1_233' title='bbox 1077 3417 1193 3483; x_wconf 87' lang='lat' dir='ltr'><strong>Scipioni</strong></span> <span class='ocrx_word' id='word_1_234' title='bbox 1216 3413 1344 3465; x_wconf 76' lang='lat' dir='ltr'><strong>Africano</strong></span> <span class='ocrx_word' id='word_1_235' title='bbox 1363 3405 1462 3458; x_wconf 88' lang='lat' dir='ltr'><strong>minori</strong></span> <span class='ocrx_word' id='word_1_236' title='bbox 1546 3453 1547 3480; x_wconf 29' lang='lat' dir='ltr'><strong>p</strong></span> 
     </span>
     <span class='ocr_line' id='line_1_33' title="bbox 359 3477 1462 3562; baseline -0.034 0"><span class='ocrx_word' id='word_1_237' title='bbox 359 3519 386 3562; x_wconf 91' lang='lat' dir='ltr'><strong>ct</strong></span> <span class='ocrx_word' id='word_1_238' title='bbox 403 3510 491 3560; x_wconf 57' lang='lat' dir='ltr'><strong>lonelio</strong></span> <span class='ocrx_word' id='word_1_239' title='bbox 509 3507 706 3559; x_wconf 79' lang='lat' dir='ltr'><strong>familiarissimo</strong></span> <span class='ocrx_word' id='word_1_240' title='bbox 724 3505 785 3555; x_wconf 84' lang='lat' dir='ltr'><strong>vide</strong></span> <span class='ocrx_word' id='word_1_241' title='bbox 803 3504 886 3553; x_wconf 82' lang='lat' dir='ltr'><strong>Cicer.</strong></span> <span class='ocrx_word' id='word_1_242' title='bbox 906 3498 938 3548; x_wconf 91' lang='lat' dir='ltr'><strong>dc</strong></span> <span class='ocrx_word' id='word_1_243' title='bbox 958 3495 1001 3546; x_wconf 77' lang='lat' dir='ltr'><strong>oll&#39;.</strong></span> <span class='ocrx_word' id='word_1_244' title='bbox 1020 3491 1105 3552; x_wconf 70' lang='lat' dir='ltr'><strong>titt.</strong></span> <span class='ocrx_word' id='word_1_245' title='bbox 1141 3517 1172 3528; x_wconf 92' lang='lat'>-</span> <span class='ocrx_word' id='word_1_246' title='bbox 1218 3482 1313 3534; x_wconf 71' lang='lat' dir='ltr'><strong>aedilis</strong></span> <span class='ocrx_word' id='word_1_247' title='bbox 1334 3477 1462 3539; x_wconf 76' lang='lat' dir='ltr'><strong>Panaeti]</strong></span> 
     </span>
     <span class='ocr_line' id='line_1_34' title="bbox 359 3547 1463 3645; baseline -0.035 -11"><span class='ocrx_word' id='word_1_248' title='bbox 359 3581 410 3633; x_wconf 78' lang='lat' dir='ltr'><strong>alti</strong></span> <span class='ocrx_word' id='word_1_249' title='bbox 428 3579 543 3642; x_wconf 80' lang='lat' dir='ltr'><strong>nobiles,</strong></span> <span class='ocrx_word' id='word_1_250' title='bbox 561 3580 587 3628; x_wconf 93' lang='lat' dir='ltr'><strong>iu</strong></span> <span class='ocrx_word' id='word_1_251' title='bbox 608 3576 676 3645; x_wconf 89' lang='lat' dir='ltr'><strong>quod</strong></span> <span class='ocrx_word' id='word_1_252' title='bbox 696 3575 773 3625; x_wconf 87' lang='lat' dir='ltr'><strong>lncile</strong></span> <span class='ocrx_word' id='word_1_253' title='bbox 792 3574 875 3640; x_wconf 90' lang='lat' dir='ltr'><strong>potnit</strong></span> <span class='ocrx_word' id='word_1_254' title='bbox 892 3566 1014 3625; x_wconf 76' lang='lat' dir='ltr'><strong>aborruit,</strong></span> <span class='ocrx_word' id='word_1_255' title='bbox 1036 3577 1093 3610; x_wconf 87' lang='lat' dir='ltr'><strong>cum</strong></span> <span class='ocrx_word' id='word_1_256' title='bbox 1113 3565 1251 3622; x_wconf 83' lang='lat' dir='ltr'><strong>utrumque</strong></span> <span class='ocrx_word' id='word_1_257' title='bbox 1273 3550 1373 3602; x_wconf 76' lang='lat' dir='ltr'><strong>nohilir</strong></span> <span class='ocrx_word' id='word_1_258' title='bbox 1391 3547 1463 3598; x_wconf 86' lang='lat' dir='ltr'><strong>scri-</strong></span> 
     </span>
     <span class='ocr_line' id='line_1_35' title="bbox 360 3617 1463 3701; baseline -0.034 2"><span class='ocrx_word' id='word_1_259' title='bbox 360 3650 472 3701; x_wconf 86' lang='lat' dir='ltr'><strong>heretnr.</strong></span> <span class='ocrx_word' id='word_1_260' title='bbox 509 3650 603 3701; x_wconf 78' lang='lat' dir='ltr'><strong>Verum</strong></span> <span class='ocrx_word' id='word_1_261' title='bbox 622 3648 719 3697; x_wconf 86' lang='lat' dir='ltr'><strong>lloratii</strong></span> <span class='ocrx_word' id='word_1_262' title='bbox 737 3643 873 3696; x_wconf 83' lang='lat' dir='ltr'><strong>consilium</strong></span> <span class='ocrx_word' id='word_1_263' title='bbox 891 3648 917 3689; x_wconf 83' lang='lat' dir='ltr'><strong>et</strong></span> <span class='ocrx_word' id='word_1_264' title='bbox 934 3649 1036 3687; x_wconf 81' lang='lat' dir='ltr'><strong>manunt</strong></span> <span class='ocrx_word' id='word_1_265' title='bbox 1058 3629 1175 3680; x_wconf 82' lang='lat' dir='ltr'><strong>videmus</strong></span> <span class='ocrx_word' id='word_1_266' title='bbox 1193 3628 1220 3676; x_wconf 93' lang='lat' dir='ltr'><strong>in</strong></span> <span class='ocrx_word' id='word_1_267' title='bbox 1234 3622 1379 3675; x_wconf 87' lang='lat' dir='ltr'><strong>verborum</strong></span> <span class='ocrx_word' id='word_1_268' title='bbox 1393 3617 1463 3668; x_wconf 85' lang='lat' dir='ltr'><strong>loris</strong></span> 
     </span>
    </p>
   </div>
   <div class='ocr_carea' id='block_1_8' title="bbox 362 3692 1547 3857">
    <p class='ocr_par' dir='ltr' id='par_1_10' title="bbox 362 3692 1547 3857">
     <span class='ocr_line' id='line_1_36' title="bbox 362 3692 1467 3787; baseline -0.033 -15"><span class='ocrx_word' id='word_1_269' title='bbox 362 3729 388 3771; x_wconf 90' lang='lat' dir='ltr'><strong>et</strong></span> <span class='ocrx_word' id='word_1_270' title='bbox 405 3720 511 3784; x_wconf 86' lang='lat' dir='ltr'><strong>ordine,</strong></span> <span class='ocrx_word' id='word_1_271' title='bbox 530 3719 624 3787; x_wconf 87' lang='lat' dir='ltr'><strong>quihus</strong></span> <span class='ocrx_word' id='word_1_272' title='bbox 642 3717 750 3783; x_wconf 80' lang='lat' dir='ltr'><strong>primunr</strong></span> <span class='ocrx_word' id='word_1_273' title='bbox 770 3715 799 3765; x_wconf 86' lang='lat' dir='ltr'><strong>et</strong></span> <span class='ocrx_word' id='word_1_274' title='bbox 814 3712 915 3763; x_wconf 85' lang='lat' dir='ltr'><strong>tertiuru</strong></span> <span class='ocrx_word' id='word_1_275' title='bbox 943 3711 1082 3774; x_wconf 66' lang='lat' dir='ltr'><strong>(cotrnptos</strong></span> <span class='ocrx_word' id='word_1_276' title='bbox 1103 3729 1136 3739; x_wconf 94' lang='lat'><em>-</em></span> <span class='ocrx_word' id='word_1_277' title='bbox 1158 3696 1266 3764; x_wconf 81' lang='lat' dir='ltr'><strong>libros),</strong></span> <span class='ocrx_word' id='word_1_278' title='bbox 1283 3692 1411 3742; x_wconf 75' lang='lat' dir='ltr'><strong>&#39;altorum</strong></span> <span class='ocrx_word' id='word_1_279' title='bbox 1440 3694 1467 3737; x_wconf 86' lang='lat' dir='ltr'><strong>et</strong></span> 
     </span>
     <span class='ocr_line' id='line_1_37' title="bbox 362 3761 1547 3857; baseline -0.035 -12"><span class='ocrx_word' id='word_1_280' title='bbox 362 3800 479 3857; x_wconf 84' lang='lat' dir='ltr'><strong>quartum</strong></span> <span class='ocrx_word' id='word_1_281' title='bbox 495 3783 650 3852; x_wconf 16' lang='lat' dir='ltr'><strong>vloeahulurn</strong></span> <span class='ocrx_word' id='word_1_282' title='bbox 669 3785 775 3855; x_wconf 73' lang='lat' dir='ltr'><strong>(achille</strong></span> <span class='ocrx_word' id='word_1_283' title='bbox 798 3815 832 3825; x_wconf 90' lang='lat'>-</span> <span class='ocrx_word' id='word_1_284' title='bbox 850 3779 973 3837; x_wconf 76' lang='lat' dir='ltr'><strong>Portasti)</strong></span> <span class='ocrx_word' id='word_1_285' title='bbox 995 3766 1247 3835; x_wconf 84' lang='lat' dir='ltr'><strong>coniungendnessc</strong></span> <span class='ocrx_word' id='word_1_286' title='bbox 1262 3761 1468 3814; x_wconf 72' lang='lat' dir='ltr'><strong>ostenditur-</strong></span> <span class='ocrx_word' id='word_1_287' title='bbox 1546 3787 1547 3820; x_wconf 45' lang='lat' dir='ltr'><strong>p</strong></span> 
     </span>
    </p>
   </div>
   <div class='ocr_carea' id='block_1_9' title="bbox 363 3830 1547 4132">
    <p class='ocr_par' dir='ltr' id='par_1_11' title="bbox 363 3830 1547 4132">
     <span class='ocr_line' id='line_1_38' title="bbox 363 3830 1547 3929; baseline -0.03 -18"><span class='ocrx_word' id='word_1_288' title='bbox 363 3862 526 3911; x_wconf 81' lang='lat' dir='ltr'><strong>Socraticam</strong></span> <span class='ocrx_word' id='word_1_289' title='bbox 535 3858 644 3929; x_wconf 76' lang='lat' dir='ltr'><strong>doctum]</strong></span> <span class='ocrx_word' id='word_1_290' title='bbox 656 3856 802 3910; x_wconf 86' lang='lat' dir='ltr'><strong>Socraticos</strong></span> <span class='ocrx_word' id='word_1_291' title='bbox 815 3846 994 3919; x_wconf 87' lang='lat' dir='ltr'><strong>philosophos,</strong></span> <span class='ocrx_word' id='word_1_292' title='bbox 1003 3843 1146 3902; x_wconf 85' lang='lat' dir='ltr'><strong>Platonem,</strong></span> <span class='ocrx_word' id='word_1_293' title='bbox 1156 3835 1373 3902; x_wconf 84' lang='lat' dir='ltr'><strong>Xenophontem,</strong></span> <span class='ocrx_word' id='word_1_294' title='bbox 1389 3830 1467 3880; x_wconf 88' lang='lat' dir='ltr'><strong>alios.</strong></span> <span class='ocrx_word' id='word_1_295' title='bbox 1546 3865 1547 3880; x_wconf 65' lang='grc'>,</span> 
     </span>
     <span class='ocr_line' id='line_1_39' title="bbox 364 3893 1547 3996; baseline -0.032 -13"><span class='ocrx_word' id='word_1_296' title='bbox 364 3930 402 3978; x_wconf 86' lang='lat' dir='ltr'><strong>lle</strong></span> <span class='ocrx_word' id='word_1_297' title='bbox 420 3939 444 3981; x_wconf 89' lang='lat' dir='ltr'><strong>et</strong></span> <span class='ocrx_word' id='word_1_298' title='bbox 465 3930 589 3996; x_wconf 84' lang='lat' dir='ltr'><strong>particula</strong></span> <span class='ocrx_word' id='word_1_299' title='bbox 614 3926 736 3978; x_wconf 86' lang='lat' dir='ltr'><strong>encliticn</strong></span> <span class='ocrx_word' id='word_1_300' title='bbox 752 3924 814 3976; x_wconf 82' lang='lat' dir='ltr'><strong>vide</strong></span> <span class='ocrx_word' id='word_1_301' title='bbox 834 3920 867 3972; x_wconf 90' lang='lat' dir='ltr'><strong>ad</strong></span> <span class='ocrx_word' id='word_1_302' title='bbox 883 3918 958 3970; x_wconf 81' lang='lat' dir='ltr'><strong>Carni</strong></span> <span class='ocrx_word' id='word_1_303' title='bbox 986 3915 998 3968; x_wconf 92' lang='lat'>1</span> <span class='ocrx_word' id='word_1_304' title='bbox 1026 3916 1041 3963; x_wconf 71' lang='lat'>2</span> <span class='ocrx_word' id='word_1_305' title='bbox 1069 3911 1086 3961; x_wconf 85' lang='lat'><strong>9</strong></span> <span class='ocrx_word' id='word_1_306' title='bbox 1130 3939 1166 3950; x_wconf 88' lang='lat'><strong>·-</strong></span> <span class='ocrx_word' id='word_1_307' title='bbox 1205 3905 1322 3975; x_wconf 73' lang='lat' dir='ltr'><strong>litteris}</strong></span> <span class='ocrx_word' id='word_1_308' title='bbox 1342 3918 1378 3953; x_wconf 83' lang='lat' dir='ltr'><strong>ox</strong></span> <span class='ocrx_word' id='word_1_309' title='bbox 1398 3902 1468 3950; x_wconf 78' lang='lat' dir='ltr'><strong>lerro</strong></span> <span class='ocrx_word' id='word_1_310' title='bbox 1546 3893 1547 3950; x_wconf 75' lang='lat' dir='ltr'><strong>i</strong></span> 
     </span>
     <span class='ocr_line' id='line_1_40' title="bbox 366 3970 1547 4078; baseline -0.025 -31"><span class='ocrx_word' id='word_1_311' title='bbox 366 4000 471 4063; x_wconf 72' lang='lat' dir='ltr'><strong>oprtimo,</strong></span> <span class='ocrx_word' id='word_1_312' title='bbox 488 4000 610 4078; x_wconf 82' lang='lat' dir='ltr'><strong>llispano,</strong></span> <span class='ocrx_word' id='word_1_313' title='bbox 629 3997 764 4048; x_wconf 84' lang='lat' dir='ltr'><strong>conlectis.</strong></span> <span class='ocrx_word' id='word_1_314' title='bbox 796 4024 829 4035; x_wconf 93' lang='grc'><strong>--</strong></span> <span class='ocrx_word' id='word_1_315' title='bbox 863 3988 993 4059; x_wconf 83' lang='lat' dir='ltr'><strong>pollicitos</strong></span> <span class='ocrx_word' id='word_1_316' title='bbox 1011 3970 1468 4053; x_wconf 76' lang='lat' dir='ltr'><strong>melioro1llaecquoqueuerbis</strong></span> <span class='ocrx_word' id='word_1_317' title='bbox 1546 4011 1547 4018; x_wconf 73' lang='grc'>,</span> 
     </span>
     <span class='ocr_line' id='line_1_41' title="bbox 367 4071 1030 4132; baseline -0.017 -16"><span class='ocrx_word' id='word_1_318' title='bbox 367 4082 470 4132; x_wconf 86' lang='lat' dir='ltr'><strong>severa,</strong></span> <span class='ocrx_word' id='word_1_319' title='bbox 488 4083 516 4120; x_wconf 90' lang='lat' dir='ltr'><strong>ro</strong></span> <span class='ocrx_word' id='word_1_320' title='bbox 534 4071 623 4120; x_wconf 86' lang='lat' dir='ltr'><strong>iocosa</strong></span> <span class='ocrx_word' id='word_1_321' title='bbox 640 4073 707 4121; x_wconf 88' lang='lat' dir='ltr'><strong>sunt.</strong></span> <span class='ocrx_word' id='word_1_322' title='bbox 1020 4071 1030 4084; x_wconf 56' lang='lat'><strong>⁷¹</strong></span> 
     </span>
    </p>
   </div>
   <div class='ocr_carea' id='block_1_10' title="bbox 0 0 1622 5042">
    <p class='ocr_par' dir='ltr' id='par_1_12' title="bbox 0 0 1622 5042">
     <span class='ocr_line' id='line_1_42' title="bbox 0 0 1622 5042; baseline 0 0"><span class='ocrx_word' id='word_1_323' title='bbox 0 0 1622 5042; x_wconf 95' lang='lat' dir='ltr'><strong> </strong></span> 
     </span>
    </p>
   </div>
  </div>
 </body>
</html>
