3117 5042
431 405 527 472 nto.
548 407 573 471 l.
617 401 786 477 nutet.
808 409 859 475 tv.
882 411 918 475 V.
1138 408 1202 483 w

185 587 338 672 Supremo
362 596 394 652 te
414 585 603 670 solemni,
625 593 804 675 Torquate,
826 596 968 660 meum.

188 699 270 793 Vina
291 698 384 785 bibes
398 698 510 765 iterum
534 702 641 765 'faura
664 688 778 766 uiues
801 705 958 785 palustres
1019 740 1023 749 ·

155 804 274 868 sister
294 806 475 873 lliuturaas·
488 807 770 892 Sinuessanumque
792 808 961 887 Petrinum

169 912 226 977 'st
247 914 356 976 melius
377 915 449 997 qaid
473 915 585 992 babes,
607 934 736 985 maesse
757 919 809 983 vel
831 920 990 1001 imperium
1011 923 1069 987 ier.

188 1022 365 1087 Iamdudum
386 1004 636 1104 splendet'lonas
656 1032 688 1088 et
709 1025 766 1090 tibi
788 1028 901 1091 munda
922 1031 1074 1110 supebex.

190 1130 280 1192 liitte
301 1130 387 1195 leues
405 1149 480 1213 spes
502 1139 535 1195 et
554 1134 723 1199 certamina
742 1135 922 1199 diuitimnrs

192 1237 234 1300 tlt
256 1239 373 1303 lllosebi
395 1234 633 1315 consumeres
655 1250 728 1310 mo
750 1242 888 1309 Camere
907 1247 1007 1311 iustus

119 1363 171 1403 m
192 1342 254 1408 nat
274 1346 396 1413 venian
415 1366 613 1436 somnumque
633 1349 716 1427 dles3
741 1351 864 1432 impune
884 1352 995 1417 licebit

101 1506 180 1562 sirm
201 1510 372 1577 (pronubi,
390 1524 449 1562 euin
469 1526 520 1579 quo
542 1509 602 1563 loco
623 1510 692 1564 hune
712 1511 821 1564 alterum
841 1514 958 1565 eiusdem
978 1515 1111 1582 scriptoris
1131 1530 1197 1567 eon-

63 1616 72 1625 .
102 1580 198 1646 iungas
222 1580 289 1644 xlv,
303 1582 352 1632 34:
371 1586 446 1644 ,Καὶ
460 1578 493 1634 rr}
512 1586 646 1654 γενέθλια
666 1574 699 1636 τὰ
722 1586 774 1637 rori
782 1582 958 1653 Αὐγούστου
977 1592 1026 1641 καὶ
1044 1590 1076 1642 dr
1093 1595 1130 1657 spi
1152 1589 1201 1639 ln·

100 1651 243 1720 nodpu'prp
260 1656 307 1704 soi
327 1656 357 1704 ἐν
374 1660 407 1721 τῇ
427 1652 494 1726 rillp
515 1653 595 1707 πόλει
613 1656 770 1723 πολλαχόθι
794 1661 902 1724 θηρίων
921 1667 1050 1729 σφαγαῖς
1070 1658 1201 1731 ἐκμάθῃ·

102 1727 152 1774 ani
172 1723 256 1775 rouro
277 1725 332 1792 μὲν
350 1728 441 1777 καίτοι
458 1724 498 1794 μὴ
514 1726 669 1796 ψηφισθὲν
698 1730 738 1799 ἐξ
759 1731 882 1780 πᾶσιν
907 1726 952 1786 ὣς
971 1732 1101 1782 εἰπεῖν
1117 1739 1200 1787 rote

103 1795 140 1847 dr
152 1809 165 1844 ε
179 1808 218 1846 σι
238 1792 310 1861 πρός
330 1812 408 1851 τινος
426 1801 482 1847 τῶν
500 1794 543 1848 dri
565 1797 830 1865 ωραπηγούντωνέ
851 1802 960 1866 lystron
975 1795 1008 1851 ad
1029 1798 1060 1852 dt
1083 1796 1116 1864 dii
1137 1799 1198 1852 Au'·

101 1863 275 1935 youorridro.
298 1861 317 1916 d
337 1870 386 1916 sai
405 1864 591 1936 sindpertus,
612 1867 673 1919 τότε
692 1818 849 1934 πρῶτονῖ

105 1935 182 1999 Quod
202 1933 307 2000 quidem
329 1932 424 1985 lucium
443 1944 482 1986 est
500 1950 522 1986 o.
540 1934 601 1987 743.
637 1935 710 1987 Adde
733 1936 819 1988 locum
838 1939 955 1989 Suetonii
975 1941 1021 1990 vit.
1043 1939 1132 1992 Oetae.
1146 1941 1198 1993 57:

103 2006 230 2073 „Equites
252 2005 359 2056 Romani
379 2006 495 2059 numism
512 2008 567 2060 eius
589 2016 682 2073 sponte
692 2015 771 2074 etque
787 2024 918 2062 ooussnsu
938 2009 1016 2062 biduo
1033 2027 1133 2079 semper
1151 2027 1199 2062 ee-

105 2077 265 2140 telmeso,
283 2084 309 2126 et
328 2076 428 2127 videbis
449 2086 548 2128 eertum
566 2093 661 2129 annum
681 2076 758 2130 uersu
779 2079 796 2130 9
816 2096 867 2130 non
888 2079 1003 2131 iudicari.
1040 2080 1197 2147 lntelligen-

103 2148 154 2200 dus
172 2155 260 2215 sutem
278 2146 372 2199 nantis
398 2147 453 2199 dies
483 2157 524 2199 est
541 2142 667 2215 Augusti,
692 2164 744 2200 non
765 2150 821 2201 diui
846 2149 983 2213 Caesaris3
1009 2166 1068 2202 nem
1096 2155 1197 2204 enormi

102 2221 240 2286 Augustus
260 2225 335 2269 nelos
354 2225 394 2269 est
411 2234 433 2270 a.
452 2219 477 2269 d.
496 2219 561 2271 titt.
581 2219 636 2269 list.
656 2219 778 2284 Octobr.‚
804 2220 885 2272 lulius
911 2221 1112 2275 nutem.Ctteser
1132 2239 1154 2273 s.
1173 2224 1200 2274 d.

104 2290 149 2341 lv.
171 2289 209 2341 ld.
229 2289 347 2352 Quintil„
367 2291 492 2339 aestiuum
510 2298 613 2341 noetmn
631 2305 656 2339 v.
679 2293 709 2341 11
729 2293 754 2340 in
774 2291 920 2358 Septembri
938 2306 1028 2343 mense
1041 2302 1113 2344 reete
1131 2294 1200 2344 lice-

842 1888 858 1920 κ
879 1867 1023 1940 δόγματος
1042 1873 1199 1934 ἐτελέσθηέ*

103 2361 144 2411 bit
160 2362 290 2412 iuvenire.
327 2359 361 2411 el.
384 2360 729 2428 llrg.Georg.l.311eq.
772 2361 806 2415 Et
825 2377 978 2429 quemquem
1000 2362 1119 2414 Horatius
1138 2366 1200 2431 qui-

101 2432 163 2484 dem
183 2434 241 2498 ipss
258 2432 340 2498 Epist.
358 2430 379 2493 1,
400 2431 441 2494 16,
464 2431 496 2483 16
514 2432 673 2500 Septembres
693 2432 772 2483 lorus
792 2434 865 2499 graui
887 2432 958 2484 addit
981 2442 1138 2498 suetonios,
1155 2451 1200 2486 re·

102 2501 264 2555 eordandum
279 2511 365 2553 tomen
384 2502 526 2553 ostrianus
545 2518 605 2553 esse
625 2503 808 2570 Septembres,
833 2503 892 2556 aliis
910 2504 984 2553 annis
1000 2505 1101 2570 tepidos
1118 2506 1201 2573 tnagis

100 2575 262 2626 stasstiros·
277 2572 336 2629 aliis
346 2572 460 2640 -lrigidos
477 2582 505 2624 et
519 2572 709 2625 suctumnales.

136 2662 145 2675 ”
175 2669 205 2720 V.
231 2670 253 2720 1.
280 2670 305 2720 si
318 2664 534 2738 potes].Solebat
553 2670 620 2719 eriim
640 2668 783 2736 Torquatus
803 2666 873 2719 laute
892 2683 923 2720 ae
940 2668 1077 2736 splendide
1098 2671 1199 2722 uivere.

100 2740 177 2792 Cave
196 2740 275 2807 igitur
293 2756 327 2791 ne
346 2739 414 2789 brine
433 2741 514 2789 virtum
535 2740 659 2790 avaritiae
678 2738 792 2789 deditum
811 2739 923 2801 babeas3
943 2740 1198 2808 idquodnonpauci

98 2814 262 2878 interpretes
283 2827 315 2861 er
334 2818 387 2861 tote
406 2810 516 2877 epistole
537 2820 563 2861 et
583 2810 667 2861 Germ.
687 2794 767 2881 tini
789 2808 861 2861 rec'te
886 2811 935 2862 sibi
962 2811 1117 2866 ridebantur
1135 2813 1197 2863 elfl-

100 2898 174 2933 eere.
208 2874 251 2933 lle
268 2898 317 2933 usu
344 2879 417 2932 verbi
438 2898 513 2949 posse
532 2878 769 2948 cl.'llirg.‘Buool.
790 2881 816 2944 7,
836 2882 876 2933 to.
911 2880 976 2933 Aen.
998 2882 1042 2943 xl,
1062 2881 1124 2934 307,
1165 2913 1198 2926 -

99 2954 255 3022 Areluineis]
276 2968 292 3003 a
310 2952 383 3003 inbre
407 2951 517 3020 quodam
536 2951 631 3003 Archia
650 2951 789 3015 coniectis,
809 2950 979 3019 simplicibus,
996 2967 1048 3003 non
1066 2954 1195 3019 pretiosis.
1213 3002 1215 3013 ‚

97 3058 135 3068 -
156 3023 213 3075 olus
231 3028 315 3093 omns]
336 3022 525 3091 qualecunque.
563 3023 720 3075 Promittitur
739 3024 822 3073 tenuis
844 3037 941 3089 onena,
959 3022 1007 3074 sed
1025 3038 1072 3075 nos
1091 3039 1195 3092 quoque

99 3111 162 3149 oum
181 3095 278 3148 amicos
300 3096 439 3146 invitamus
459 3108 541 3159 peuce
560 3094 740 3160 promittimus,
759 3088 1013 3161 pluresepponim'us.
1026 3125 1060 3136 -
1078 3112 1197 3163 supremo

98 3165 170 3239 sole}
202 3166 239 3216 ad
260 3180 381 3217 neonsum
401 3172 534 3232 vergente.
583 3163 732 3215 Contrarias
754 3172 793 3215 est
811 3161 850 3215 sol
869 3166 967 3233 primus
987 3164 1055 3230 apud
1075 3163 1197 3217 Ovidium

97 3238 161 3289 blot
180 3235 283 3300 tntis.
312 3235 422 3288 vidend
444 3236 526 3287 Carnu.
546 3234 592 3297 tlt,
611 3236 654 3298 28,
679 3234 718 3285 13.
750 3233 784 3285 cl.
805 3235 857 3286 Sat.
881 3233 913 3297 ΙΙ,
932 3234 957 3299 7,
976 3235 1018 3287 33.
1040 3266 1074 3277 -
1092 3236 1195 3303 iteruin}

98 3324 139 3360 se.
159 3306 279 3359 consule
316 3308 360 3361 Sic
380 3305 509 3373 capitolin
537 3307 581 3355 vit.
596 3305 682 3356 Pertin
702 3303 736 3354 t:
756 3305 838 3370 „Quia
857 3303 903 3357 ille
923 3314 993 3357 esset
1013 3308 1114 3371 iterum,
1136 3322 1195 3360 oum

97 3377 224 3433 Pertinax
241 3378 327 3430 laetus
344 3384 408 3429 esl“
444 3406 477 3422 -
514 3375 657 3448 Petrinum}
685 3377 773 3441 „vicus
795 3384 821 3426 et
839 3373 912 3427 loeus
931 3379 957 3427 in
977 3393 1040 3445 agro
1059 3376 1195 3431 Falernoa

97 3450 229 3518 Porpbpr.
274 3449 326 3501 Sed
346 3449 442 3506 Coram.
466 3447 560 3513 Crispi
588 3447 730 3511 „Petrinus
748 3462 822 3498 mons
843 3455 883 3498 eet
902 3447 1075 3499 Sinuessanae
1096 3449 1195 3501 civitati
1287 3512 1293 3521 ·

97 3522 240 3575 imminens
259 3520 300 3571 uel
321 3535 385 3588 eger
413 3519 553 3570 Sinuessae
571 3517 696 3567 vicinus.“
733 3517 864 3569 lledioere
884 3518 971 3568 vinum
993 3527 1033 3568 est
1056 3526 1100 3582 et,
1124 3519 1194 3586 quod

98 3592 232 3659 suspicari
251 3590 331 3654 lieet,
353 3604 408 3653 ,non
427 3589 503 3641 nimis
518 3592 625 3641 ‘novum
637 3587 684 3638 sed
704 3596 826 3654 quattuor
845 3586 887 3638 vel
907 3588 1022 3656 quinque
1042 3604 1194 3655 nonos-na-

97 3671 163 3715 tum
199 3694 230 3705 -
266 3664 307 3732 Sil
333 3656 608 3719 inconsumptus
629 3657 862 3723 editionibussin,
888 3673 940 3725 quo
959 3667 1043 3719 tannen
1063 3660 1193 3712 vocabulo

97 3733 303 3791 Horatiususus
323 3748 382 3789 mse
401 3746 452 3789 nou
470 3730 580 3781 videtur.
623 3727 682 3779 lloe
709 3726 768 3779 loeo
787 3730 825 3780 sic
844 3730 968 3797 seriptum
987 3739 1027 3781 est
1044 3731 1076 3781 ab
1097 3732 1129 3782 iis
1148 3733 1193 3799 qui

96 3805 293 3871 oppositionem
313 3818 390 3870 quam
410 3800 587 3868 intelligerent
605 3801 681 3850 etiem
701 3799 846 3867 exprimere
864 3799 990 3873 pertieuln
1009 3802 1117 3855 vellent.
1149 3803 1193 3855 lo-

97 3884 174 3929 eatur
193 3883 280 3927 sutem
298 3883 396 3941 poeta,
426 3888 483 3923 cum
503 3873 542 3922 sie
562 3870 668 3922 scribit:
698 3870 750 3920 noli
778 3872 925 3923 enimcum
951 3872 1009 3924 aliis
1028 3875 1195 3941 interpretari

94 3960 204 4000 ornasse
224 3962 265 3997 sne
285 3946 322 3995 nd
339 3938 469 4010 ter-apud
487 3942 618 3994 lloratium
637 3954 719 3992 coeno
738 3942 787 3992 iarn
807 3951 895 4008 parata
913 3952 964 3994 est.
998 3975 1032 3985 -
1067 3944 1193 4018 splendet]

94 4020 129 4071 ol·
152 4020 241 4071 Germ.
263 4016 305 4078 tv,
326 4018 367 4079 ll,
387 4012 412 4065 6.
427 4022 433 4081 J
447 4043 480 4053 -
515 4015 660 4064 certamina
678 4011 839 4083 diviliarum]
861 4012 916 4065 lloe
935 4031 1039 4083 quoque
1058 4017 1147 4069 iocose
1168 4026 1195 4067 ot

92 4087 371 4145 innoeenter'dictum
390 4092 430 4136 est
456 4083 816 4152 (el.Carnr.¹1ll,12,25)‚
845 4100 931 4152 neque
958 4088 1097 4154 quidquam
1124 4086 1196 4138 eliud

92 4158 283 4228 reperiendum
305 4157 347 4206 bie
369 4163 409 4219 est
437 4155 487 4204 nisi
515 4156 597 4205 unsina
615 4168 647 4204 uo
667 4152 753 4219 lepide
771 4154 930 4218 admonitio,
960 4166 988 4207 ut
1008 4174 1097 4210 ornnes
1119 4174 1195 4209 cures

91 4233 194 4302 quibus
214 4227 301 4281 soleat
322 4227 404 4278 teneri
428 4223 539 4276 hoodie
558 4225 639 4275 mittat
657 4231 790 4291 totumque
808 4241 838 4276 se
858 4226 935 4277 dedat
954 4229 1039 4278 amico
1054 4237 1081 4280 et
1103 4228 1195 4279 hilari-

90 4306 142 4356 tati
176 4303 219 4354 lle
237 4298 422 4351 certaminibus
441 4296 587 4346 divitiarum
609 4308 728 4360 compare
747 4296 801 4347 Sat.
822 4295 843 4357 l,
867 4299 889 4361 l,
904 4298 954 4349 113
965 4314 1003 4365 sq.
1024 4328 1058 4340 -
1080 4299 1191 4366 Mescini}

89 4375 161 4441 „tite
180 4374 359 4437 Pergamenus
376 4368 426 4418 luit
443 4366 530 4421 rhetor
548 4366 709 4418 notissimus:
730 4380 790 4415 reus
809 4368 930 4418 venelieii
951 4371 1018 4431 luit,
1038 4364 1110 4419 euius
1130 4383 1195 4419 rnu-

90 4462 154 4498 sarn
173 4460 209 4495 ex
227 4442 317 4509 primis
337 4448 398 4490 orne
415 4446 531 4488 oratores
550 4444 669 4503 egerunt,
689 4434 833 4502 Torquatus
852 4438 894 4489 hic
913 4448 939 4489 et
961 4440 1066 4490 Asinium
1086 4437 1194 4490 Pollio.“

86 4516 194 4586 Polyb.
216 4513 261 4564 'ln
279 4511 345 4562 banc
363 4511 442 4576 igitur
460 4522 564 4559 musam
582 4506 724 4574 Torquatus
742 4521 861 4572 maguam
879 4524 966 4560 curam
988 4518 1013 4559 et
1032 4509 1194 4576 diligentiam

146 4615 256 4657 llorntlos
271 4611 304 4652 ed
324 4608 484 4657 Dillenbursser.
673 4608 681 4619 “
979 4612 1026 4682 99
