3117 5042
392 369 488 434 ιιι.
511 371 562 434 ιιι.
608 370 767 439 cnon
789 374 933 476 mxii.

270 587 300 632 os
323 572 436 634 Terret
455 570 613 634 mustum
632 573 929 641 oecononum

325 678 422 760 Spes,
445 686 477 741 et
496 682 667 761 exemplo·
687 700 788 763 grave
808 683 937 765 praebet
958 687 1026 749 ales

327 788 463 869 Pegasus
485 794 639 852 terrenam
661 792 797 873 equitem
817 798 969 875 vovum

409 895 707 977 Bellerophontem·

324 1042 453 1124 Semper
473 1049 507 1105 ut
530 1050 560 1105 te
579 1043 676 1126 digna
698 1062 830 1128 sequare
851 1054 881 1110 et
901 1046 985 1112 ultra

270 1169 301 1212 so
324 1154 421 1228 Quam
441 1151 515 1213 lieet
533 1169 662 1232 sperare
681 1155 771 1216 nelos
793 1157 929 1235 putando

322 1259 484 1341 llisporem
506 1259 595 1323 vites·
637 1260 707 1343 Age
729 1261 807 1341 ian,
830 1279 966 1327 meorum

405 1366 493 1430 llinis
514 1385 651 1431 anorum
671 1402 712 1414 —

324 1515 392 1577 Nou
414 1514 493 1578 eoin
515 1516 646 1597 postiam
666 1518 731 1581 alia
750 1517 859 1581 calolo

320 1622 446 1687 llcmioa
459 1658 511 1702 -‚
531 1624 675 1687 condisce
695 1626 818 1705 modos,
842 1626 976 1690 amanda

267 1747 298 1791 as
320 1730 402 1793 lloce
423 1748 500 1814 quos
520 1732 649 1799 reddes:
669 1734 843 1799 minuentur
863 1742 954 1799 strae

406 1838 551 1909 omnim
570 1859 673 1905 corae

512 2145 707 2221 Carmen
744 2147 817 2221 Xll.

320 2311 384 2373 lam
404 2312 487 2374 ocris
509 2312 649 2389 comites,
671 2330 750 2395 quoe
770 2329 856 2375 mare
876 2318 1070 2394 temperant,

321 2418 484 2499 lmpellunt
504 2419 627 2483 animae
647 2420 745 2484 lintea
767 2419 944 2496 Thracioe;

124 2594 154 2658 ll,
175 2599 256 2663 lsqq.
279 2627 310 2639 -
335 2594 455 2670 Pepasus]
484 2596 545 2647 vide
563 2597 596 2647 ad
615 2594 698 2648 Carm.
716 2596 738 2659 1,
756 2596 799 2661 27,
817 2596 865 2649 at:
880 2594 1055 2663 Bellerophon
1074 2609 1132 2647 enm
1151 2594 1215 2647 Chi-

124 2682 234 2718 maeram
256 2666 413 2730 occidisset,
431 2669 582 2718 temerarios
605 2666 687 2718 lactus
706 2669 789 2734 ipsum
808 2666 909 2719 coelum
929 2675 1018 2734 petere
1040 2675 1147 2718 conotus
1166 2674 1215 2730 est,

125 2738 166 2788 sed
185 2754 201 2788 a
222 2738 323 2805 Pegaso
345 2736 461 2789 deiectus
479 2738 627 2805 cupiditatis
640 2753 738 2805 poenas
757 2736 844 2789 solvit.
873 2738 987 2805 Pegasus
1009 2739 1076 2789 enim
1095 2738 1216 2805 Neptuno

124 2816 147 2857 et
164 2808 273 2860 lledosa
293 2817 442 2875 procreatus
470 2808 566 2859 homini
591 2808 696 2860 mortali
723 2811 757 2859 ita
786 2817 883 2859 tantum
912 2810 1012 2860 serviro
1034 2808 1132 2869 voluit,
1156 2817 1217 2859 ula

124 2879 237 2930 llinerva
252 2887 307 2930 erat
326 2881 421 2930 iussus.
441 2909 475 2921 -
491 2879 598 2948 reddas]
619 2880 652 2930 cl.
671 2878 753 2931 Carm.
764 2879 809 2942 IV,
825 2880 850 2942 6,
861 2877 905 2931 43.
926 2909 961 2920 -
978 2880 1137 2947 minuentur]
1158 2894 1217 2929 me-

124 2947 169 3000 lius
188 2950 240 3000 lioc
259 2965 335 3017 quam
350 2965 474 3017 praesens
491 2952 650 3015 minuuntur,
671 2948 808 3017 qoodaliis
822 2948 933 3015 placuit3
951 2964 1104 3015 quamquam
1124 2947 1155 2998 ad
1169 2962 1216 2998 so-

122 3018 169 3071 lam
187 3020 334 3086 Phyllidem
352 3036 426 3071 curas
445 3019 536 3072 relerri
554 3020 625 3073 nolo.
658 3051 692 3065 -·
724 3022 810 3093 atrae]
833 3017 1142 3086 ct.carm.111,1‚40.
1168 3017 1216 3084 Ill,

124 3089 164 3155 tl,
187 3092 230 3144 13.
267 3092 318 3145 Sat.
338 3090 415 3156 11‚7,
436 3092 495 3143 115.

553 3216 702 3269 Carmen
724 3214 780 3270 llll.

198 3312 258 3363 lton
284 3312 317 3363 ad
336 3312 473 3381 Virgilium
490 3314 580 3363 nescio
599 3328 675 3379 quem
693 3310 892 3378 unguentarium
910 3309 954 3362 vel
971 3308 1099 3363 medicum
1118 3311 1164 3364 sed
1182 3311 1215 3365 ad

122 3391 225 3447 poetam
245 3383 380 3452 Virgilium
398 3385 448 3435 ioci
469 3398 499 3434 ac
516 3382 696 3434 familiaritatis
717 3381 822 3447 plenum
842 3397 945 3433 carmen
962 3384 1144 3449 scriptumest
1168 3382 1215 3434 ln-

123 3453 185 3518 cipit
202 3462 289 3505 autem
308 3457 352 3517 ita,
369 3462 397 3504 ut
419 3455 492 3505 verni
514 3455 636 3520 temporis
655 3455 769 3504 suavitas
788 3454 895 3520 copiose
915 3461 941 3503 et
958 3453 1094 3520 eleganter
1112 3453 1215 3505 descri-

122 3520 205 3575 hator.
243 3525 297 3575 lam
316 3524 390 3575 adest
406 3539 467 3587 ver,
486 3540 544 3575 cum
565 3539 628 3575 vere
649 3523 738 3585 calor,
759 3539 817 3574 cunr
841 3522 927 3574 colore
945 3522 1009 3573 sitis.
1048 3521 1110 3574 Eam
1129 3531 1215 3574 nutem

123 3597 219 3659 optime
238 3594 341 3662 pellunt
357 3597 418 3646 vina
432 3595 581 3645 mediocria.
610 3594 686 3657 „Sed
704 3595 796 3661 inquit,
816 3595 837 3645 si
858 3592 925 3659 apud
944 3609 985 3644 me
1006 3590 1065 3643 esse
1085 3595 1166 3660 gostis
1187 3601 1215 3644 ut

122 3664 189 3730 apud
207 3668 319 3717 iuvenes
336 3665 439 3716 nobiles
458 3680 488 3716 nc
509 3664 622 3727 divites,
642 3664 794 3733 quibuscum
814 3679 873 3715 esso
892 3661 979 3727 soles,
998 3664 1020 3714 si
1038 3662 1136 3714 Calena
1155 3665 1216 3715 vina

122 3733 217 3787 ducere
240 3738 330 3803 copis,
350 3736 460 3803 agedum
481 3735 566 3798 dabo,
585 3735 631 3786 sed
653 3750 683 3785 ea
704 3734 772 3801 lego,
793 3744 821 3785 ut
839 3751 896 3784 cum
914 3736 940 3784 in
960 3736 1142 3787 comissatione
1162 3735 1215 3787 Ca·

122 3803 209 3856 lenum
228 3806 310 3857 nardo
331 3822 420 3858 carere
439 3820 490 3857 non
509 3807 608 3872 possit,
635 3813 662 3856 tu
680 3813 812 3871 unguenta
831 3814 973 3872 praestes.“
1009 3805 1055 3857 Est
1074 3807 1153 3874 igilur
1172 3806 1215 3858 io·

123 3876 239 3928 cabuoda
258 3878 290 3928 ad
309 3877 416 3928 ltilarem
436 3878 644 3928 comissationem
662 3877 795 3937 invitatio,
816 3892 900 3944 neque
919 3876 1085 3929 difficultates
1105 3892 1216 3931 oroneo-

122 3946 173 3998 dae
190 3956 251 3999 suot
268 3964 300 3999 ex
321 3964 346 3999 v.
362 3950 414 4009 253
436 3947 574 3998 dummodo
595 3946 723 4008 credatur,
742 3962 844 3998 carmen
865 3948 988 4015 scriptum
1008 3963 1067 3999 esse
1086 3963 1100 3997 a
1121 3949 1215 3999 iuvene

123 4016 228 4070 lloratio
247 4018 279 4069 ad
299 4021 420 4070 iuvenem
441 4018 595 4085 Virgilium,
614 4034 681 4068 anno
703 4017 813 4069 tortasse
833 4017 885 4070 'lll
904 4017 946 4068 vol
966 4018 1034 4079 7153
1063 4020 1137 4069 cuins
1155 4019 1216 4086 qui-

121 4086 181 4138 dem
198 4088 340 4141 dulcissimi
367 4091 441 4140 amici
468 4091 618 4140 memoriam
644 4089 713 4140 edito
734 4098 793 4156 post
817 4089 910 4139 multos
929 4104 1010 4141 annos
1031 4090 1080 4140 hoc
1102 4091 1215 4141 carmine

120 4161 195 4225 qnasi
213 4175 341 4212 renovare
360 4169 386 4212 et
405 4159 539 4212 celebrare
559 4159 668 4211 Flaccus
685 4160 776 4215 voluit,
815 4160 975 4225 Compositio
988 4160 1108 4211 carminis
1123 4175 1153 4210 ea
1166 4166 1215 4223 est,

121 4244 199 4294 quain
221 4230 383 4299 frequentem
413 4232 464 4282 iam
486 4233 632 4282 invenimus
687 4233 792 4297 Septem
821 4231 984 4295 stropharum
1013 4229 1097 4281 media
1124 4238 1214 4296 quarta

121 4301 290 4368 principalem
310 4303 465 4353 sententiam
484 4303 617 4363 continet,
645 4316 721 4368 quam
750 4316 817 4367 quac
845 4300 1003 4367 praecedunt
1028 4308 1054 4350 et
1073 4308 1215 4365 sequuntur
1272 4298 1282 4313 '

119 4380 166 4421 aut
184 4374 250 4423 viam
268 4374 344 4442 quasi
364 4374 483 4423 muniunt
500 4380 545 4423 ant
563 4371 705 4423 ubertatem
727 4380 753 4422 et
776 4370 978 4438 explicationem
998 4370 1101 4421 addunt.

193 4459 456 4530 animoeJTliracieel
477 4457 630 4528 Aquilones.
650 4457 750 4509 Colum.
770 4457 814 4521 xl,
833 4459 858 4521 2,
880 4458 928 4509 21:
946 4458 1037 4525 „Venti
1055 4457 1215 4524 septentrio-
