3117 5042
408 441 501 506 nib.
526 433 566 505 ll.
609 437 758 506 canit.
780 443 834 506 xi.
854 444 943 511 xil..
1146 445 1207 507 m

315 620 422 687 curas
439 621 560 684 eduen.
603 620 679 697 qais
700 637 780 703 puer
797 621 882 686 eeius

354 730 541 810 uniiugae
561 728 699 793 ardenae
720 729 848 794 ll'aierni
899 785 903 790 .

263 856 294 900 co
399 838 512 902 Pocula
531 845 747 928 praetereunte
767 840 919 922 lympbai

315 995 389 1073 Quis
411 996 532 1058 devium
554 979 689 1060 asomum
710 997 813 1060 eiiciet
835 975 950 1062 doum⁸

312 1105 442 1182 laudeni
484 1101 610 1168 Eburna
631 1104 681 1166 dic
704 1124 765 1188 age
787 1126 854 1169 cum
875 1089 946 1185 lyra

354 1213 489 1276 Maturet
507 1213 539 1276 in
557 1219 711 1294 compium
732 1216 894 1278 Lacaenae

393 1320 481 1386 biera
503 1339 606 1385 cernas
625 1320 763 1406 religata
780 1323 902 1388 uadum.

558 1512 743 1522 —-·—-—.

509 1657 813 1772 Carmen'xil.

310 1861 398 1925 Nolis
420 1863 517 1944 longa
537 1864 624 1926 ierae
644 1863 728 1934 belia
748 1864 931 1926 Numantiae

312 1970 504 2034 blandarum
525 1969 730 2036 Hannibalem
745 1990 805 2035 neo
827 1969 969 2038 Siculum·
984 1991 1070 2044 mare
1152 2027 1155 2034 „

179 2168 211 2220 V.
232 2166 277 2219 17.
295 2182 374 2220 ceras
384 2165 494 2235 edaces}
516 2163 599 2218 Germ.
621 2165 642 2230 1,
663 2165 705 2229 18,
724 2164 751 2222 4.
771 2197 807 2210 -
824 2167 900 2241 puer}
918 2182 1019 2233 servus,
1036 2167 1201 2221 minister.-

107 2241 265 2310 mamper}
284 2238 455 2303 temperabit;
484 2237 530 2288 sed
549 2244 590 2288 est
608 2236 716 2288 verbum
736 2236 769 2288 ad
788 2237 905 2289 ardorem
925 2239 1081 2294 nobilissimi
1100 2240 1205 2294 falerni

109 2313 227 2379 propius.
246 2340 282 2353 -
301 2307 415 2380 δαίνυ]
431 2306 550 2360 babitans
569 2309 596 2359 in
616 2307 692 2359 deria
710 2308 796 2373 domo,
813 2323 867 2361 non
885 2309 1002 2378 vulgare.
1021 2342 1056 2352 -
1084 2313 1115 2362 iss
1131 2328 1204 2363 eom-

106 2392 178 2451 pren
203 2381 282 2450 Lae]
321 2379 392 2432 Ordo
419 2379 557 2431 verborum
576 2387 634 2431 est:
663 2393 751 2432 comas
770 2379 882 2448 religata
899 2383 924 2431 iu
949 2389 1078 2448 comptum
1107 2384 1203 2434 nodum

107 2468 179 2508 more
197 2453 351 2515 baneam,
380 2453 397 2502 i.
415 2466 441 2503 e.
468 2450 569 2517 capillis
596 2450 770 2502 Lacaeuarmu
793 2468 867 2504 urere
893 2453 920 2502 in
944 2452 1089 2520 simplicem
1107 2453 1204 2506 nodum

107 2525 235 2593 religatis.
255 2522 321 2575 lion
333 2517 399 2589 epus
413 2530 456 2574 est
474 2537 567 2573 ornare
585 2537 641 2574 eam
660 2521 797 2589 splendide
817 2521 935 2591 capillos,
953 2523 999 2574 sed
1019 2527 1108 2575 veniat
1124 2526 1205 2591 „sim-

106 2595 167 2662 plex
187 2593 357 2646 munditiis.“
396 2594 429 2643 ci.
450 2591 534 2645 Germ.
551 2593 597 2656 111,
618 2595 659 2657 14,
683 2592 795 2645 tt-aa.
832 2593 871 2645 be
894 2609 1049 2662 graecarum
1067 2594 1203 2647 mulierum

107 2674 200 2718 ornatu
220 2663 309 2733 capilli
329 2663 441 2716 vidend
461 2664 544 2718 carm.
565 2662 586 2729 l,
606 2664 651 2728 33,
671 2665 698 2716 b.

505 2843 509 2849 .
565 2798 675 2852 Carmen
697 2800 754 2854 xli.
830 2845 832 2848 .

191 2887 231 2948 Et
247 2911 277 2946 re
296 2902 323 2946 et
348 2896 458 2950 consilio
483 2896 532 2947 hoc
558 2911 661 2948 carmen
679 2898 822 2963 comparari
841 2903 927 2963 potest
948 2911 1007 2947 cum
1032 2906 1106 2948 sexto
1127 2899 1203 2965 primi

107 2965 174 3018 libri.
214 2966 278 3017 liam
297 2966 357 3017 dum
376 2967 528 3033 ostenditur,
548 2967 670 3035 gravibus
685 2966 772 3032 rebus,
790 2967 866 3020 bellis
886 2975 912 3018 et
931 2967 1038 3018 bereum
1060 2967 1203 3035 praeclaris

106 3035 268 3089 iecinoribus
281 3053 336 3088 uon
354 3047 440 3105 aptam
458 3052 517 3091 esse
533 3037 632 3104 iprum,
652 3038 770 3090 Caesaris
790 3046 875 3089 autern
893 3053 935 3089 res
954 3046 1040 3105 gestas
1059 3037 1151 3089 melius
1171 3039 1204 3090 ab

106 3109 338 3180 ipsolbiaecenate
359 3110 471 3175 pedestri
498 3110 616 3161 ambone
642 3110 753 3161 describi
780 3125 860 3177 posse
889 3124 965 3177 quam
984 3124 1000 3160 a
1018 3117 1096 3176 poeta
1117 3117 1204 3162 tantae

107 3182 232 3231 materiae
252 3179 448 3247 haudquaquam
467 3181 545 3247 pari,
575 3181 700 3248 promittit
723 3181 844 3232 Horatius
863 3196 909 3230 sua
930 3182 1043 3232 carmina
1059 3181 1203 3233 Maecenati

107 3265 157 3302 non
179 3250 321 3312 delatura,
338 3251 386 3300 sed
402 3251 564 3303 celebratura
582 3266 644 3302 esse
661 3252 991 3317 renuentem-timueras
1009 3254 1111 3319 (uxoris
1129 3251 1203 3304 Mae*

105 3324 221 3389 ansus)
241 3329 269 3372 et
285 3329 371 3388 gratus
389 3324 457 3373 rixas
472 3324 619 3372 amantium.
642 3347 676 3366 -
697 3323 801 3389 Septem
822 3324 984 3389 stropharum
1002 3323 1086 3374 medin
1107 3327 1144 3391 (v.
1168 3322 1202 3376 13

105 3393 191 3460 -17)
220 3393 295 3459 quasi
314 3394 392 3442 totius
414 3394 534 3443 carminis
553 3391 685 3459 fastigium
706 3400 754 3444 est.
799 3393 829 3443 ln
848 3395 942 3444 ceteris
961 3409 1066 3461 quoque
1087 3394 1200 3461 strophis

102 3477 186 3515 raram
207 3472 288 3515 armen
305 3462 474 3526 admiramur3
493 3478 553 3514 nam
570 3477 630 3514 cum
648 3461 718 3514 bella
734 3462 843 3514 utilitum
866 3472 892 3514 et
909 3466 1018 3516 virtutes
1033 3461 1152 3515 Caesaris
1171 3466 1200 3515 in

105 3537 195 3600 priore
213 3542 288 3600 parte
305 3533 442 3585 virtutibus
460 3534 610 3600 iscyrnniaa
631 3541 658 3583 ot
681 3533 758 3584 bellis
776 3534 921 3601 puellarum
938 3550 986 3601 per
1004 3534 1111 3584 chiasmi
1131 3535 1200 3602 iign-

104 3621 156 3657 ranr
177 3613 362 3672 opponantur,
380 3605 451 3656 orbis
468 3608 577 3673 quasia
594 3603 666 3655 bello
684 3605 716 3655 ad
738 3603 834 3655 bellarm
854 3604 1023 3666 describitur3
1039 3603 1146 3660 sdeinde
1163 3605 1202 3655 uti

104 3675 219 3729 abellis
237 3691 284 3742 per
304 3675 418 3741 mythice
436 3677 504 3730 irota
524 3677 556 3727 ad
584 3675 721 3727 Gaesarem
745 3690 793 3742 per
816 3683 868 3726 tres
895 3674 1014 3741 strophas
1043 3675 1199 3738 ascenditur,

103 3750 140 3798 eie
160 3764 178 3799 a
194 3745 350 3811 ‘Licymniae
369 3746 487 3799 laudibus
507 3763 555 3814 per
572 3746 700 3812 mythicon
721 3745 913 3798 Achaemencm
939 3752 966 3795 et
984 3743 1138 3810 mygdonem
1157 3752 1201 3796 to-

103 3819 186 3870 tidem
204 3817 371 3868 descenditur
390 3818 422 3868 ad
441 3817 579 3870 muliebria
597 3816 674 3869 bellu.
711 3817 840 3882 Scriptum
859 3815 963 3866 videtur
981 3825 1096 3877 carmen,
1114 3830 1201 3883 quun-

103 3897 154 3942 tmn
176 3887 284 3957 quidem
303 3889 434 3940 coniicere
454 3887 518 3940 lieet
534 3904 568 3939 err
580 3890 685 3939 nomine
699 3888 822 3938 Caesarie
839 3894 877 3950 (v.
891 3885 943 3951 10),
963 3894 1023 3937 ante
1036 3901 1130 3936 annum
1140 3888 1200 3939 727.

111 3985 115 3990 ’
172 3977 198 4027 V
222 3978 248 4028 2.
267 3975 369 4050 dmm]
391 3978 434 4028 Sic
455 3978 482 4027 in
501 3977 624 4043 optimis,
645 3983 673 4026 ut
691 3975 802 4038 videtur,
825 3973 957 4039 codici-bus
978 3980 1004 4023 et
1025 3955 1200 4037 editionibusss

101 4056 127 4100 et
144 4055 222 4102 recte
240 4046 354 4114 quidem,
372 4062 431 4098 nam
448 4047 527 4098 durus
546 4045 672 4098 Hannibal
692 4045 887 4114 haudquaquam
909 4046 1070 4095 invenustam
1092 4046 1201 4116 opposi-

102 4121 202 4171 tionem
220 4118 304 4172 eiiicit
321 4132 345 4168 v.
366 4118 490 4181 mollibus,
509 4109 718 4186 aed‘quaesitam
736 4126 763 4168 et
780 4126 886 4186 gratam.
916 4115 1017 4168 Deinde
1033 4115 1113 4180 diras,
1131 4116 1201 4184 quod

104 4190 271 4259 linquaque
292 4188 336 4240 alii
357 4187 417 4240 libri
436 4189 578 4256 praebent,
605 4187 663 4239 aliis
687 4187 752 4239 locis
773 4190 856 4256 nangis
875 4196 950 4253 aptus
971 4194 1011 4238 est
1034 4202 1111 4253 qnam
1131 4187 1201 4253 huic,

23 4299 24 4302 ,
102 4271 129 4312 ut
148 4261 238 4314 Carnu.
257 4258 301 4324 lv,
318 4261 345 4322 4,
363 4260 407 4326 42,
425 4259 470 4309 ubi
490 4274 579 4310 omues
598 4256 724 4311 Orelliani
744 4259 857 4321 codices,
876 4259 902 4308 in
920 4258 1013 4326 quibus
1030 4256 1073 4308 bic
1090 4266 1131 4309 est
1150 4259 1198 4310 dst-

102 4348 160 4396 rnr,
191 4331 302 4382 alterumn
319 4330 394 4382 dirue
412 4331 556 4381 concerdes
575 4337 672 4392 tenent.
720 4330 863 4395 Sequemur
880 4330 959 4395 igitur
987 4328 1091 4380 codices
1111 4330 1197 4379 ‘tertio

102 4417 208 4471 quoque
227 4401 296 4466 loco,
316 4401 401 4454 carm.
419 4400 661 4467 {maenarum
679 4397 817 4458 lectionem
834 4414 881 4449 aaa
899 4400 1052 4449 auctoritate
1070 4400 1198 4452 iuvantes.

23 4515 25 4542 ζ
101 4471 195 4542 lleqne
213 4473 276 4525 huic
296 4467 390 4525 mucul
409 4471 503 4523 desunt
520 4479 628 4538 veteres
645 4470 782 4521 editiones.
818 4469 865 4519 liic
886 4467 945 4538 (ln,
954 4470 980 4532 6,
989 4468 1038 4534 36)
1059 4470 1198 4535 igiturest

23 4547 24 4602 Τ
103 4540 177 4597 loeus
195 4559 274 4613 quera
293 4542 458 4612 significasse
476 4542 579 4595 ridetur
598 4540 705 4605 Quintil.
725 4538 875 4604 vilieu:
909 4538 1064 4606 „Quonibil
1085 4540 1197 4590 inveniri
