3117 5042
450 369 590 432 nunu.
631 341 796 432 eursu.
817 370 856 432 ιι.
1135 375 1197 435 ιιι

199 551 342 615 Sirenum
364 556 456 612 voees
477 554 516 613 et·
531 549 641 614 Circae
662 552 773 638 pocula
794 552 893 627 nosti;

198 660 283 734 Quae
305 657 333 719 si
355 676 421 720 cum
443 658 536 720 sociis
558 659 670 720 stultus
691 648 882 739 cupidusque
898 659 1035 735 bibisset,

146 783 177 826 ιι
200 765 265 828 Sul
287 766 411 828 domiue
432 765 593 828 meretrice
612 766 722 828 luisset
744 766 844 846 turpis
867 772 898 827 et
917 784 1028 829 excors

197 873 335 935 Vixisset
353 874 440 937 cunis
461 872 635 936 inmundus
658 874 709 936 vel
730 874 830 937 amica
851 874 921 945 luto
938 894 1001 941 sus,

196 982 260 1042 Nos
282 998 425 1045 numerus
444 999 547 1043 sumus
568 987 600 1043 et
620 982 733 1063 liugos
751 994 931 1047 consumere
954 982 1030 1060 nati,

197 1087 311 1169 spousi
332 1088 524 1168 Penelopae,
546 1088 730 1167 nebulones,
753 1088 933 1171 Alcinoique

195 1196 230 1256 ln
252 1201 321 1281 culo
342 1195 480 1259 curanda
501 1197 570 1276 plus
591 1214 691 1278 aequo
714 1203 846 1278 operato
866 1197 1030 1271 iuventus,

146 1320 179 1365 so
200 1301 257 1365 cui
280 1302 439 1385 pulchrum
458 1303 517 1377 tuit
537 1304 569 1366 in
589 1300 706 1367 medios
729 1305 863 1368 dormire
881 1305 948 1367 dies
968 1311 1002 1367 et

197 1409 246 1472 Ad
268 1410 427 1492 strepitum
445 1410 584 1474 citharae
604 1419 758 1475 cessatum
778 1413 891 1475 dooere
912 1411 1037 1475 (iurem
1075 1438 1080 1447 ¹

194 1518 235 1580 ΙΙΙ
257 1519 399 1599 iugulent
419 1518 574 1596 lromines,
593 1527 728 1601 nurgum
748 1521 788 1583 de
806 1527 897 1584 nocte
918 1508 1077 1583 latrones:

197 1627 239 1688 llt
261 1633 291 1687 te
313 1627 411 1708 ipsum
432 1644 560 1702 serves,
582 1646 642 1690 non
666 1628 915 1710 expergiscerisl
957 1628 1052 1709 Atqui

200 1733 237 1796 Si
258 1734 339 1799 nolis
360 1752 475 1812 sunus,
496 1753 603 1805 curres
624 1735 828 1816 hydropicus3
850 1745 882 1799 et
901 1739 933 1801 ni
976 1770 980 1776 ·
1013 1780 1019 1785 ·

69 1902 76 1915 ,
146 1858 179 1903 ιι
200 1841 312 1903 Posces
331 1850 405 1904 ante
426 1842 506 1906 diem
527 1842 639 1906 librom
660 1861 728 1906 cum
748 1844 883 1924 lumine,
904 1846 931 1908 si
952 1865 1014 1909 non

53 2043 62 2061 ⁸
108 2061 202 2113 bulum
220 2070 262 2113 est
277 2071 383 2130 propter
404 2078 495 2116 sonum
514 2072 541 2115 et
559 2065 597 2115 rei
615 2066 778 2133 gravitatem.
790 2096 824 2107 -
837 2067 1030 2135 immersabilis]
1048 2068 1092 2136 qui
1111 2067 1207 2119 adver-

111 2135 148 2185 sis
172 2133 250 2184 rebus
270 2149 322 2184 non
343 2136 504 2201 opprimitur.
554 2135 592 2186 lle
611 2136 760 2203 metaphora
779 2137 814 2187 cl.
834 2137 918 2189 Carnu.
939 2138 980 2201 ΙΙΙ,
997 2140 1023 2204 4,
1044 2137 1086 2190 65.
1132 2138 1206 2201 Quae

109 2206 286 2273 insequuntur
312 2204 432 2271 exempla
455 2213 515 2257 sunt
536 2205 728 2277 periculorum,
753 2207 847 2275 quibus
872 2211 1007 2276 oppositus
1034 2208 1084 2260 luit
1102 2207 1207 2268 Ulixes;

107 2290 267 2344 quemquam
287 2290 339 2327 non
357 2278 508 2344 negaverim
527 2277 646 2329 Sirenum
663 2278 773 2329 vocibus
799 2287 826 2329 et
845 2278 937 2330 Circae
963 2279 1065 2348 poculis
1091 2293 1143 2330 non
1164 2281 1207 2329 in-

109 2345 269 2413 telligendas
297 2362 357 2397 esse
383 2363 430 2413 per
455 2346 607 2414 allegoriam
626 2348 787 2415 voluptatum
814 2347 963 2401 illecebras.
1001 2350 1035 2400 cl.
1062 2351 1136 2400 Hom.
1157 2349 1206 2402 0d.

110 2418 168 2482 llll,
188 2416 225 2469 39
236 2432 290 2485 sqq.
314 2417 365 2468 155
379 2434 436 2485 sqq.
456 2420 486 2482 x,
508 2417 622 2486 136sqq.
641 2417 703 2472 308.
724 2419 829 2471 [liberat
846 2420 950 2488 quidem
969 2418 1067 2485 Ulixes,
1086 2420 1132 2471 sed
1155 2436 1207 2471 non

109 2488 237 2539 seductus
256 2487 397 2554 cupiditate
414 2496 441 2539 et
458 2491 570 2540 munitus
591 2490 705 2541 remedio
726 2488 855 2542 Mercurii.
893 2522 928 2531 -
967 2496 1071 2558 excors]
1098 2490 1132 2541 cl.
1151 2491 1205 2542 Cic.

109 2558 187 2611 Tusc.
209 2558 230 2621 Ι,
249 2557 274 2622 9,
297 2557 337 2609 18.
358 2589 392 2599 -
423 2572 471 2610 nos
487 2565 618 2630 numerus]
645 2562 726 2613 Sicuti
744 2560 834 2613 Ulixes
854 2559 1001 2627 exemplum
1023 2570 1064 2612 est
1082 2564 1208 2628 sapientis

108 2628 226 2681 hominis
246 2637 272 2680 et
288 2629 428 2694 moderati,
447 2630 482 2680 ita
498 2632 643 2698 vulgarium
663 2631 814 2695 hominurn,
833 2631 925 2701 quales
943 2634 1052 2682 maxima
1067 2648 1129 2701 pars
1150 2647 1209 2682 esse

110 2700 242 2763 solemus,
260 2701 387 2767 imagines
405 2700 518 2752 ostendit
539 2696 657 2767 Odyssea
675 2706 701 2753 in
717 2700 887 2754 describenda
905 2717 1041 2769 procorum
1063 2713 1089 2754 et
1107 2702 1209 2753 Phaea-

109 2787 170 2823 cum
193 2773 248 2820 vita
267 2770 442 2838 voluptatibus
461 2773 567 2822 omnino
584 2773 693 2825 addicta.
724 2775 851 2825 Numerus
869 2782 897 2825 ut
916 2773 983 2840 apud
994 2773 1142 2839 Euripidem
1153 2774 1208 2824 lle·

107 2842 176 2894 rael.
200 2840 284 2894 1000:
305 2836 417 2908 ,nonde
433 2844 488 2913 μὲν
508 2843 560 2895 oda
576 2841 707 2915 ἀριθμὸν
725 2846 783 2897 att’
797 2847 938 2914 ἐτητύμως
954 2843 1053 2912 'Ardp'
1072 2846 1141 2896 ὄντα
1160 2837 1210 2898 τὸν

110 2915 166 2968 σόν
188 2912 306 2976 παῖδας
326 2911 525 2967 ἀοΙιοιιιΙιιιΙιιιι
546 2913 642 2965 nullius
663 2916 749 2982 pretii,
767 2930 876 2982 qnorum
895 2917 979 2980 cupita
996 2922 1093 2965 tantum
1114 2930 1207 2964 nume-

69 3026 72 3031 .
108 2993 213 3036 notor·
250 2982 311 3033 vide
330 2983 445 3037 Passow.
463 3000 484 3034 s.
506 2999 531 3034 v.
549 2984 674 3057 ἀριθμός
706 3016 739 3026 -
775 2984 1208 3055 naa]0vid.ltuc.nteg.113:

108 3056 227 3122 „sentes
248 3053 424 3104 tantummodo
441 3053 546 3105 laedere
567 3062 667 3106 natae.“
701 3055 734 3106 ol.
754 3056 828 3108 llum.
847 3056 879 3123 ll.
893 3056 937 3115 vl,
964 3054 1062 3106 142.-
1082 3064 1143 3106 carto
1160 3073 1208 3106 ce-

108 3125 215 3198 sanda}
243 3123 353 3174 vidend
372 3123 455 3176 Gorm.
476 3124 523 3186 ΙΙΙ,
544 3128 585 3187 17,
606 3123 647 3178 14.
666 3127 736 3178 ‘Sat
757 3126 791 3189 ΙΙ,
808 3130 835 3191 5,
855 3127 897 3179 38.
935 3126 1055 3178 Ceterum
1083 3142 1148 3177 cavo
1174 3141 1210 3177 nc

106 3197 223 3249 Alcinoi
245 3194 341 3246 labem
359 3210 406 3260 pro
426 3196 585 3263 nominativo
610 3192 717 3263 pluralis
737 3199 838 3249 numeri
899 3197 936 3248 lle
963 3196 1035 3247 molli
1063 3197 1208 3249 Phseucmn

107 3269 165 3318 rita
186 3266 343 3334 lege-Hom.
361 3265 407 3317 0d.
428 3265 498 3327 Vlll,
518 3266 570 3318 248
618 3296 647 3310 -
685 3277 811 3321 cessatum
830 3271 933 3338 ducere]
962 3268 1117 3320 Necessario
1143 3269 1209 3319 haec

106 3337 215 3389 locutio
231 3334 401 3403 intelligenda
419 3345 458 3387 est
476 3351 508 3387 ex
527 3337 736 3404 lreqnentissimn
750 3342 777 3390 in
789 3341 893 3391 nomine
905 3338 990 3390 Curae
1003 3341 1210 3406 prosopopoeia,

107 3426 173 3462 nam
195 3409 404 3476 quotiescunque
425 3405 512 3475 aliqua
537 3422 598 3458 cura
625 3424 671 3459 eos
695 3410 813 3461 homines
838 3413 936 3477 agitare
956 3412 1059 3475 coepit,
1089 3419 1210 3475 tanquam

106 3494 255 3547 personam
275 3492 332 3528 earn
360 3477 475 3529 citharae
504 3476 599 3527 blando
616 3483 726 3544 strepitu
748 3490 873 3532 cessatum
886 3481 1014 3530 decedant
1031 3482 1049 3528 i.
1069 3494 1093 3530 c.
1113 3494 1211 3529 conso-

108 3550 231 3619 piebsnt.
271 3549 309 3599 lle
328 3552 497 3615 consopiente
517 3550 543 3599 vi
562 3549 676 3598 musicae
696 3550 729 3600 ol.
750 3551 834 3601 Germ.
854 3549 899 3612 ΙΙΙ,
922 3552 945 3609 1,
966 3549 1001 3601 20
1009 3564 1047 3616 sq.
1066 3582 1101 3591 -κ
1119 3559 1147 3599 et
1167 3551 1210 3599 ιἰι-

105 3620 215 3694 ςιιιιιιι]
245 3619 270 3669 Α
287 3619 419 3669 luxuriosa
440 3621 493 3683 vitu
511 3620 632 3671 iuvenum
652 3618 846 3670 llomerioorunr
865 3621 960 3670 sensim
980 3621 1071 3669 transit
1089 3628 1165 3685 poeta
1184 3619 1210 3668 in

106 3708 180 3744 suae
201 3692 296 3742 aetatis
315 3689 440 3741 desidiam
462 3684 493 3740 no
509 3688 713 3757 negligentiam,
738 3706 789 3758 qua
811 3690 911 3741 seducti
933 3689 1050 3739 homines
1073 3689 1104 3739 ad
1123 3704 1210 3739 veram

105 3764 230 3817 satutem
247 3759 297 3811 sibi
322 3760 510 3811 conciliandam
527 3769 623 3811 rectam
649 3759 803 3811 medicinam
825 3770 923 3811 mature
941 3758 1066 3811 adhibere
1085 3768 1212 3811 cunctan-

106 3844 162 3887 tur.
214 3834 376 3899 Argumenta
397 3834 478 3882 utitur
501 3831 569 3899 qnod
589 3839 683 3881 vocum
702 3846 716 3881 a
736 3824 828 3882 minori
849 3831 881 3883 ed
899 3832 997 3892 maius3
1030 3845 1089 3881 narn
1110 3832 1131 3881 si
1150 3829 1212 3881 mali

108 3904 241 3957 homines
261 3910 290 3952 nt
307 3917 371 3968 oper
392 3902 441 3953 sibi
461 3918 508 3968 per
518 3904 570 3952 vim
581 3901 680 3953 nelarie
690 3901 824 3970 colligant,
845 3900 878 3955 de
892 3909 969 3953 nocte
982 3909 1098 3968 surgant,
1117 3909 1214 3968 quanto

106 3977 201 4042 nangis
221 3987 271 4025 nos
294 3968 374 4024 v(lecet
400 3974 486 4023 animo
505 3980 664 4040 entorpore
683 3989 735 4040 quo
752 3975 878 4039 premitur
896 3973 1083 4039 expergefacto
1103 3972 1215 4039 vigilare

106 4056 137 4099 et
163 4060 261 4096 curare
283 4051 310 4093 et
327 4043 431 4095 studere
449 4051 477 4094 ut
494 4059 619 4094 sumntum
638 4043 713 4094 nobis
732 4060 852 4110 paremus
873 4043 986 4105 bonum,
1004 4043 1217 4114 eddmportar?

104 4115 253 4182 Exemplis
274 4113 369 4165 deinde
388 4130 450 4166 usus
471 4122 511 4165 est
526 4118 608 4181 p'rope
626 4116 780 4167 Socraticis:
807 4116 902 4165 etenim
923 4121 951 4164 ut
972 4113 1107 4178 homines,
1127 4115 1216 4181 quiin

106 4198 232 4254 corpore
252 4185 366 4239 curando
385 4186 551 4253 negligentes
569 4186 682 4249 luerunt,
703 4202 762 4237 curn
780 4193 917 4249 aegrotant
934 4200 994 4236 sero
1014 4184 1039 4236 id
1060 4185 1147 4235 lacere
1168 4198 1216 4233 ce-

106 4267 217 4328 guntur
235 4256 305 4324 quod
322 4255 385 4307 olim
404 4263 624 4322 contempserunt,
643 4259 791 4324 itneosqui
814 4258 926 4307 animum
949 4265 977 4306 ut
997 4271 1087 4307 sanum
1106 4253 1220 4306 habeant

104 4328 185 4385 nihil
204 4336 330 4379 curansnt
348 4327 527 4396 negligentiae
546 4329 663 4394 poenitet
681 4343 738 4380 curn
758 4329 858 4379 animus
884 4329 934 4378 iam
953 4326 1020 4378 male
1040 4328 1149 4378 allectus
1170 4341 1220 4376 en-

102 4399 274 4477 piditatibas
292 4400 412 4466 agitatur.
450 4397 524 4463 Quod
544 4399 603 4450 sani
622 4397 709 4449 lacere
730 4398 883 4460 noluerunt,
903 4401 987 4449 coacti
1010 4397 1108 4449 iaciunt
1125 4410 1222 4464 aegro-

105 4479 217 4524 tentes.
247 4501 279 4513 -·
307 4470 474 4541 hydropicus]
496 4468 565 4522 Cels.
582 4468 628 4533 ΙΙΙ,
648 4470 698 4521 21:
718 4468 887 4536 ,ilydropicis
906 4468 1012 4521 multum
1029 4467 1221 4531 ambulandum,
