3117 5042
273 586 313 648 cle
335 584 515 648 Luculliauo
535 586 631 649 milite
655 588 887 651 narratiuncula
906 587 1088 651 illustratur.
1131 586 1371 660 lloratimouim

273 710 362 774 quum
384 712 445 755 non
469 692 535 755 sine
552 697 646 758 mulio
668 695 778 759 laboro
800 696 971 758 litterarum
992 695 1101 758 studiis
1123 697 1290 778 potentium
1314 696 1370 760 bo·-

272 802 386 863 minum
409 801 664 865 existimationem
687 809 719 863 et
738 803 886 865 beatioris
919 804 1002 867 vitae
1023 820 1107 884 spem
1129 805 1258 885 adeptus
1279 814 1371 878 esset,

272 909 374 971 civilis
396 910 470 972 belii
494 912 627 975 adverso
651 912 735 973 cuitu
756 931 797 975 ex
819 912 971 974 curriculo
994 905 1072 994 quod
1086 913 1222 975 iniverat
1242 912 1371 976 eiectum

273 1035 309 1079 sa
331 1018 417 1095 vidit,
438 1036 536 1101 neque
558 1006 664 1082 ba'iuit
682 1021 764 1081 unde
784 1028 877 1084 antea
892 1020 999 1083 initam
1016 1020 1097 1082 viam
1115 1021 1224 1082 lterum
1237 1025 1374 1082 tonaret

273 1132 328 1190 aui
347 1146 422 1209 opes
442 1134 497 1190 aut
516 1126 714 1190 voluntatem.
759 1128 938 1190 Patrimouii
962 1128 1042 1209 quod
1065 1128 1215 1210 reliquum
1237 1136 1308 1191 erat
1330 1129 1371 1190 ad

275 1235 404 1297 boneste
435 1234 598 1296 vivendum
629 1233 863 1316 haudquaquam
892 1218 1079 1309 sufficiebam
1114 1237 1166 1296 sed
1201 1230 1371 1316 paupertas

274 1344 407 1405 auimuur
427 1341 568 1405 auxit'et
587 1342 632 1405 iia
654 1342 750 1417 auxit,
772 1351 806 1404 ut
829 1361 941 1406 novam
961 1342 1019 1406 sibi
1042 1362 1101 1424 qua
1121 1343 1373 1425 perveniretque

275 1457 401 1533 cuperet
435 1450 516 1513 mam
537 1450 685 1512 audacter
707 1452 853 1532 aperiret
887 1446 994 1535 ‘'Quod
1026 1470 1100 1533 opes
1128 1452 1279 1533 praebere
1310 1470 1373 1515 non

275 1564 452 1638 potueruut,
472 1559 626 1639 ingenium
649 1557 812 1639 pru‘ebuit3
834 1562 955 1641 poetica
969 1561 1102 1623 facultas
1122 1559 1289 1623 laudemct
1303 1568 1374 1640 posi

277 1668 398 1729 lmrdcm
418 1685 484 1729 ‘rem
507 1666 674 1749 quoqueei
698 1668 832 1749 parauit.
875 1669 962 1730 lianc
975 1668 1076 1730 inesse
1090 1669 1373 1750 patetsententiam

277 1776 309 1837 iu
329 1777 413 1853 loco,'
428 1775 482 1857 qui
504 1782 535 1837 et
559 1784 690 1839 vexatus
711 1784 760 1839 est
782 1776 990 1839 diversissime
1011 1785 1043 1839 et
1065 1779 1172 1859 gravis
1192 1777 1232 1840 ad
1253 1779 1375 1858 perspi-

278 1884 407 1947 ciendas
425 1886 559 1946 Romam
575 1885 693 1946 reversi
716 1892 828 1965 poetae
842 1866 989 1948 rationes.
1032 1885 1097 1946 Hoc
1111 1892 1213 1946 tamen
1229 1885 1292 1947 nuli
1307 1903 1377 1946 cre·

279 1991 363 2065 dere,
383 1991 523 2053 iuvenem
546 1997 608 2053 tam
629 1992 790 2071 splendide
811 2011 831 2056 a
852 2001 965 2057 natura
988 2000 1179 2071 exornatum,
1200 2010 1288 2074 quem
1311 1999 1375 2053 tam

281 2099 429 2179 aequales
445 2114 534 2178 quam
555 2099 671 2179 posteri
685 2099 815 2180 primum
835 2100 916 2163 inter
932 2118 1037 2162 omnes
1048 2101 1113 2162 aius
1127 2103 1240 2164 aetatis
1258 2099 1376 2178 lyricos

279 2210 389 2285 poetas
413 2209 522 2284 postea
544 2204 704 2267 colerent.
730 2213 828 2286 antea
842 2225 993 2289 nunquam
1015 2207 1085 2288 quid
1105 2208 1230 2289 ingenio
1255 2209 1379 2272 valeret

282 2311 468 2387 notavium
498 2313 600 2391 potius
621 2311 734 2374 misera
752 2312 859 2374 clades
877 2320 908 2374 ct
929 2314 1043 2375 acerba
1067 2333 1169 2377 rerum
1197 2312 1378 2377 vicissitudo
1408 2318 1412 2327 ‘

281 2425 401 2481 tanatum
422 2418 607 2495 effecerunt,
637 2424 672 2478 ut
695 2416 770 2493 „cui
790 2417 850 2478 arti
872 2418 964 2480 autimi
987 2418 1218 2503 causapridem
1248 2418 1380 2481 indulsit

281 2526 438 2608 priuatim,
460 2526 611 2589 cantiam
633 2525 665 2586 iu
686 2541 721 2586 re
743 2524 878 2587 adversa
900 2527 1018 2588 maiore
1037 2526 1179 2588 studiosi
1191 2526 1379 2606 impensiora

283 2650 380 2714 opera
395 2632 501 2713 palam
523 2631 768 2708 exercerei“,¹⁹).
826 2632 972 2695 Nimirum
994 2648 1055 2695 nou
1077 2633 1175 2696 latina
1199 2635 1297 2696 solum
1320 2626 1375 2697 scd

283 2758 401 2824 graeca
422 2742 512 2804 etiarn
538 2742 675 2803 carmina
697 2746 929 2821 composuerat3
951 2760 1131 2823 quamquam
1152 2742 1192 2803 ab
1213 2743 1262 2806 bis
1282 2745 1380 2808 absti-

283 2850 360 2929 nuit,
380 2848 493 2931 quippe
524 2867 563 2910 ne
583 2847 672 2930 ligna
697 2846 729 2910 in
761 2849 872 2910 silvam
902 2850 985 2910 ferre
1016 2848 1237 2927 lidecumb).
1292 2854 1382 2927 Quae

284 2975 374 3039 quum
389 2958 434 3020 ita
454 2957 527 3034 sint,
549 2956 783 3038 haudquaquam
806 2962 907 3037 potest
918 2955 1037 3036 negari,
1059 2955 1158 3033 lyrica
1179 2968 1298 3039 quoquc
1310 2977 1382 3021 ear-

283 3066 369 3128 miua
389 3066 450 3127 ium
478 3063 518 3128 ab
547 3064 742 3127 adulescente
763 3063 892 3125 lluratio
915 3063 1010 3125 tuisse
1031 3070 1149 3127 tentata
1166 3072 1258 3146 atque
1278 3065 1309 3127 in
1332 3066 1383 3129 bis

285 3173 363 3254 ipsis
385 3189 463 3253 quae
477 3186 562 3232 nuno
582 3171 714 3262 legimus
736 3169 922 3233 carminibus
941 3170 1042 3232 inesse
1062 3171 1210 3233 nonnulla
1223 3190 1303 3254 quae
1315 3169 1383 3254 pri.

285 3279 344 3342 mis
365 3286 526 3361 postquam
547 3278 577 3341 in
610 3279 735 3342 ltaliam
758 3294 903 3342 reuersus
924 3286 973 3341 est
992 3278 1081 3341 anuis
1107 3280 1275 3359 composita
1297 3286 1384 3343 recte

164 3406 169 3411 ’
285 3387 431 3449 dicamus
474 3388 551 3449 Nam
574 3388 744 3469 quidemst,
766 3387 845 3469 quod
867 3386 1026 3468 quominus
1041 3393 1150 3467 postea
1168 3388 1249 3448 inter
1261 3389 1383 3453 edenda

287 3495 426 3559 carmina
448 3495 597 3558 nonnulla
616 3496 711 3559 etiam
734 3495 847 3558 dudum
869 3495 1037 3575 composita
1058 3495 1090 3556 iu
1110 3493 1291 3577 scriniisque
1314 3514 1383 3559 ser-

287 3610 362 3668 uata
382 3604 535 3684 reciperet
558 3622 624 3666 eum
646 3604 833 3685 impediret?
886 3601 1020 3682 Scilicet¹
1043 3601 1129 3664 atiud
1161 3609 1209 3663 est
1233 3621 1386 3684 quaerero

287 3731 346 3793 quo
367 3711 492 3793 singula
513 3711 649 3774 carmina
671 3711 876 3793 composuerit
897 3717 1042 3788 tempore,
1062 3707 1146 3769 aliud
1160 3711 1282 3789 quando
1304 3729 1389 3774 con-

287 3820 390 3884 iuncta
410 3820 549 3883 ediderit
592 3821 670 3882 Nam
697 3837 777 3902 quae
799 3816 937 3879 earmina
956 3814 1124 3894 composita
1137 3825 1250 3893 esseut,
1273 3825 1388 3882 easta.

288 3928 429 3991 timeum
450 3928 555 3991 amicis
577 3935 608 3991 et
628 3927 708 4000 aliis,
729 3926 837 4008 quibus
858 3928 973 3985 rectum
993 3920 1031 3982 de
1054 3920 1202 3985 eiusmodi
1222 3925 1315 3986 rebus
1337 3926 1386 3988 iu-

288 4035 399 4100 dicium
423 4044 514 4115 esset,
535 4032 770 4109 communicari,
790 4030 860 4092 dein
880 4034 989 4110 postea
1010 4028 1040 4090 in
1063 4046 1154 4091 unum
1174 4047 1286 4111 corpus
1307 4051 1386 4096 con.

289 4149 393 4212 iuncta
411 4169 492 4231 quae
511 4148 642 4211 maxime
663 4143 851 4226 placuissent
869 4140 920 4203 cdi
943 4144 974 4200 et
992 4138 1170 4217 diuendi²¹)
1195 4141 1348 4205 solebant..

328 4309 373 4376 19)
390 4308 492 4361 Frende
511 4308 570 4359 fust.
589 4307 675 4358 Horat.
696 4318 723 4372 p.
738 4302 780 4359 20.

323 4395 372 4464 ab]
391 4397 442 4449 Sat.
463 4397 486 4458 i‚.
505 4395 547 4457 10,
569 4393 686 4448 oti-³5.
1123 4452 1125 4456 μ

326 4483 373 4551 21)
395 4481 510 4537 Fuerunt
527 4480 604 4531 etium
623 4487 676 4529 turn
693 4491 757 4545 quos
779 4490 846 4529 natac
865 4469 1020 4542 bibliopolas
1047 4471 1223 4538 appellaruus3
1259 4474 1392 4543 tutisque
