3117 5042
339 407 343 413 .
422 353 555 417 litttt.
600 286 783 416 Sillim.
809 352 858 415 tv.
1122 356 1186 415 329

190 543 288 625 lupus,
301 524 398 635 ripert
415 539 539 603 illorum
560 541 665 622 potiar
685 539 798 643 delicte
818 539 969 614 libenter,

189 650 387 732 Privetusque
408 648 509 731 mergis
531 649 634 711 vivent
654 654 685 710 te
699 665 775 729 rege
797 647 913 710 beatus.

551 858 741 867 ...ffl—

525 1046 678 1119 Sntire
712 1047 766 1118 lv.
871 1138 875 1145 Ι

185 1229 310 1312 dupolls
330 1235 422 1315 etque
440 1227 585 1305 cratium
605 1227 889 1311 Aristophanesque
911 1180 1021 1312 poene

185 1338 281 1422 Atque
302 1338 357 1401 elii
375 1355 504 1423 qnorum
525 1335 682 1399 comoedia
704 1332 807 1418 prison
830 1338 964 1402 uirorum
987 1344 1055 1425 est„

188 1446 223 1510 st
244 1446 313 1530 quis
336 1454 405 1508 erat
425 1444 537 1545 dignus
557 1444 706 1523 describi,
728 1444 808 1527 quo'd
829 1447 927 1508 melus
947 1464 986 1510 ac
1008 1449 1078 1545 fur,

57 1686 59 1697 .
116 1653 246 1713 correptum
257 1644 335 1724 npud
356 1612 430 1696 buius
448 1645 546 1696 aetatis
561 1645 726 1710 scriptores.“
753 1645 892 1700 Bentlcr’nr.
937 1647 990 1711 set
1008 1626 1113 1700 cl'Set.
1131 1646 1152 1712 Ι,
1165 1645 1191 1711 b,
1270 1706 1275 1715 ,

117 1715 166 1769 tot.
190 1715 330 1782 1,6,119.
360 1715 381 1781 1,
403 1716 429 1780 9,
450 1717 476 1769 2.
494 1716 542 1767 tt.
857 1731 860 1739 ·

505 1804 511 1847 ²
545 1835 667 1888 satira
696 1837 739 1895 iv.

190 1946 259 2000 llaec
277 1963 381 2016 quoque
401 1949 479 2013 satire
498 1949 594 2014 scripta
612 1956 652 2003 est
669 1964 685 2000 e
702 1952 796 2017 poete,
822 1958 851 2002 ut
869 1965 899 2003 se
919 1951 1063 2020 sntirrsqne
1080 1965 1140 2002 sues
1160 1949 1193 2002 rb

115 2016 199 2070 iniusto
214 2019 311 2070 iudicio
329 2018 480 2071 vindicaret.
519 2019 621 2086 Duplex
639 2028 731 2073 nutem.
743 2021 793 2073 luit
812 2023 964 2091 criminatio,
981 2038 1058 2095 quem
1071 2023 1097 2073 in
1110 2021 1193 2073 editus

115 2095 168 2138 tunc
184 2092 274 2142 rntims
291 2090 431 2142 adversarii
450 2093 615 2142 coniicerent.
653 2093 692 2143 Ac
708 2093 817 2160 primurn
830 2093 932 2161 quidem
943 2093 1074 2162 negabam
1090 2101 1193 2160 poetnm
1247 2118 1250 2133 ι

116 2172 166 2209 csse
178 2161 319 2234 llontinm,
339 2164 437 2230 quippe
456 2163 499 2230 qni
517 2148 583 2213 nihil
599 2163 648 2213 nisi
658 2178 755 2229 peuces
772 2178 863 2233 vorsus
875 2166 1082 2233 conscripsisset,
1099 2163 1194 2216 deinde

116 2231 244 2298 malignum
265 2248 325 2284 esse
342 2233 472 2284 hominem
491 2235 535 2301 qui
553 2249 587 2283 ne
608 2235 698 2287 amicis
713 2235 831 2302 quidem,
858 2234 960 2287 scilicet
985 2244 1014 2287 ut
1039 2237 1117 2286 nsum
1143 2234 1193 2288 sibl

117 2311 247 2367 crcumret,
271 2312 396 2371 parceret
433 2304 506 2367 Quae
522 2312 551 2355 ut
570 2304 704 2357 refelleret
724 2307 968 2358 inchoavitsntirnm
987 2306 1019 2357 ub
1033 2307 1194 2374 originege·

114 2374 173 2425 reris
189 2377 286 2428 seduci
305 2383 332 2427 et
351 2384 457 2427 anctore
474 2391 522 2435 suo
541 2376 657 2441 Lucilio,
686 2378 731 2444 qui
749 2392 808 2428 eum
825 2375 906 2428 multe
923 2378 1072 2444 scripsisset
1089 2376 1193 2428 facilem

115 2442 143 2492 ad
159 2448 270 2512 priorem
291 2449 494 2499 criminationem
514 2462 653 2515 paucorum
672 2462 794 2499 versuum
811 2449 949 2500 transitum'
961 2448 1080 2516 praebuit
1097 2452 1155 2516 (vr.
1174 2448 1193 2501 9

115 2516 196 2586 -tt);
231 2518 327 2586 Neque
342 2520 435 2572 minori
456 2526 511 2569 erte
528 2518 561 2569 ad
580 2518 688 2569 alterum
711 2520 808 2587 crimen
825 2521 948 2571 transitur
965 2518 1063 2571 Fannio
1082 2518 1213 2587 quodum,

114 2596 181 2650 pecu
201 2591 339 2658 imperitae
365 2588 520 2641 multitudini
544 2591 691 2657 gratissimo
717 2592 744 2640 iu
763 2592 981 2658 computationem
1001 2598 1104 2642 roceto.
1141 2591 1195 2642 lom

114 2670 181 2710 versu
200 2660 235 2713 38
253 2661 288 2712 ad
314 2663 395 2729 ipsum
419 2661 598 2713 defensionem
624 2663 788 2729 recingitur3
817 2663 843 2713 in
862 2677 913 2730 qun
932 2664 1041 2727 primum
1059 2677 1094 2713 ne
1111 2664 1198 2729 ipsum

114 2728 205 2793 quidem
225 2740 381 2798 poetrmse
407 2748 467 2784 erse
491 2731 597 2783 credere
618 2732 747 2797 affirmet,
774 2749 832 2785 cum
861 2748 913 2785 non
934 2748 1025 2785 versus
1046 2734 1199 2785 redieret

113 2805 344 2872 rtrum-ingeniose
361 2806 478 2855 tructatio
502 2811 605 2871 poetam
623 2803 701 2854 lecist
718 2808 757 2872 (v.
775 2805 832 2873 63).
882 2803 982 2855 lleinde
1001 2819 1016 2855 n
1035 2803 1197 2873 malignitate

114 2886 164 2923 rese
183 2874 318 2938 defendit3
343 2891 429 2944 neque
453 2891 483 2926 se
509 2873 646 2926 timendum
676 2890 735 2925 esse
760 2877 797 2926 nit
814 2878 932 2944 cuiquem
948 2877 998 2926 nisi
1018 2875 1092 2926 mulis
1110 2889 1197 2943 neque

114 2956 139 2993 re
154 2948 243 2999 ertims
266 2962 329 2999 snus
350 2948 377 2998 in
395 2946 480 2998 medio
498 2947 556 2998 fore
574 2940 656 3012 primo
674 2947 769 3014 cuique
790 2949 899 2998 recitare
918 2954 956 3007 tv.
969 2946 1026 3014 78),
1043 2961 1132 3015 neque
1147 2945 1203 2996 dc:

115 3011 195 3068 lectari
213 3016 352 3071 laedendis
374 3017 537 3082 bominibus,
564 3034 622 3069 cum
648 3016 769 3069 absentes
794 3033 846 3069 non
867 3017 941 3069 rodet
960 3033 1010 3069 neo
1032 3017 1098 3069 fslsn
1117 3017 1198 3085 linget

113 3099 157 3137 ree
172 3092 312 3142 commisse
326 3080 418 3157 produt
439 3104 488 3141 nec
515 3089 609 3157 quibus
635 3087 754 3141 videatur
781 3105 841 3142 esse
860 3091 957 3141 eunicus
979 3104 1012 3142 ex
1030 3090 1135 3144 insidiisv
1151 3102 1198 3141 cn-

113 3155 243 3213 lumnietur
262 3161 398 3231 (ratolt).
435 3161 503 3231 ‘lam
524 3176 582 3212 cum
606 3160 690 3229 qualis
710 3176 763 3213 uon
783 3163 817 3213 sit
838 3160 996 3226 ostenderit,
1024 3161 1094 3219 uddit
1112 3159 1198 3230 qualis

112 3228 169 3281 relit
195 3232 288 3285 heberi
318 3247 421 3300 qunque
450 3233 551 3284 ratione
571 3247 604 3283 ex
621 3232 715 3299 puerili
734 3234 896 3285 institutione
913 3232 1037 3300 paulatim
1056 3242 1145 3285 exorte
1163 3233 1199 3284 sit

113 3314 153 3351 tun
172 3302 306 3355 bominum
327 3302 581 3371 contemplendomm
602 3304 778 3369 consuetudo,
811 3321 862 3374 qua
879 3312 908 3355 ut
924 3321 990 3371 puer
1009 3310 1080 3355 tune'
1091 3318 1198 3373 quoque

111 3371 266 3429 damnum
294 3390 368 3426 suum
395 3376 422 3425 in
450 3373 506 3425 dies
531 3377 613 3443 mergis
631 3374 802 3427 excolendum
829 3385 931 3437 utetur3
960 3376 1011 3427 hoc
1037 3390 1111 3427 suum
1138 3388 1199 3425 osso

112 3445 202 3497 uitium.
239 3446 291 3499 Cui
309 3447 380 3514 quii
418 3460 509 3505 oscere
528 3445 619 3510 nolint,
639 3447 666 3496 in
685 3461 732 3497 eos
750 3449 851 3500 iocosae
873 3448 955 3497 minas
972 3449 998 3497 in
1018 3444 1134 3497 clausule
1153 3460 1199 3495 sn-

112 3515 169 3568 tirre
185 3519 301 3583 proiicit.
326 3548 359 3557 -
411 3533 426 3567 e
445 3523 561 3583 tempore
580 3514 679 3567 certum
697 3524 806 3568 estnon
829 3518 947 3583 potuisse
966 3516 1031 3567 lines
1050 3516 1127 3569 scribi
1146 3515 1197 3565 nisi

111 3584 221 3651 pluribus
237 3591 294 3642 iam
313 3589 398 3639 satiris
412 3587 576 3655 ,divulgetis3
605 3602 638 3638 ex
662 3587 694 3637 iis
719 3602 788 3655 quoe
815 3588 847 3643 ed
867 3601 914 3638 nos
936 3595 1065 3638 venerunt
1082 3584 1196 3648 secunde

111 3654 178 3721 prior'
194 3665 234 3728 (v.
256 3660 328 3727 92),
358 3658 457 3710 decime
473 3659 602 3735 posterior
619 3656 676 3723 (to,
697 3658 726 3727 l)
748 3668 798 3710 est
844 3656 914 3710 ttinit
942 3657 1053 3726 emplius
1083 3664 1198 3720 certum3
1225 3710 1228 3717 ⁴

110 3730 201 3794 priores
220 3731 337 3795 fortusse
356 3731 433 3782 etism
450 3730 525 3782 tertie
547 3737 574 3781 et
592 3736 674 3780 sextu.

174 3836 204 3885 V.
222 3838 247 3886 l.
272 3832 377 3901 Triplex
397 3834 446 3885 fuit
465 3833 600 3889 comoedia
618 3848 728 3901 gruecn3
748 3834 866 3901 euripum
884 3833 957 3883 cuius
977 3832 1109 3901 principes
1128 3837 1202 3881 erent

113 3899 213 3970 Eupolis
233 3922 257 3956 c.
279 3921 303 3955 n.
322 3905 394 3969 430,
416 3905 535 3957 Cratinus
555 3911 669 3956 mortuus
688 3919 711 3956 e.
731 3902 785 3957 423
805 3905 973 3957 centesimum
992 3919 1086 3955 annum
1107 3917 1200 3969 egres·

112 3984 160 4039 tus,
175 3976 370 4044 Aristophanes
387 3978 430 4045 qni
450 3979 559 4028 maxime
576 3975 662 4027 floruit
681 3977 746 4026 intro
766 3991 790 4026 a.
810 3974 960 4029 tto-392.
987 3975 1057 4026 Haec
1071 3973 1201 4026 liberrime

111 4055 161 4097 erat
179 4057 205 4100 et
225 4046 389 4099 insectandis
410 4049 480 4099 vitiis
499 4050 647 4115 praecipue.
684 4046 839 4100 llloderutior
860 4049 910 4098 iem
927 4046 1013 4099 medin
1032 4054 1103 4109 erat,
1126 4046 1200 4095 euius

110 4122 189 4171 tumen
206 4127 364 4187 argumenta
383 4119 419 4180 ndv
435 4119 526 4170 civiles
544 4135 586 4170 res
607 4120 783 4186 pertinerent,
801 4118 825 4168 itl
845 4116 913 4187 quod
932 4117 1055 4184 probetur
1068 4118 1205 4183 frugrnen-
1242 4154 1246 4167 .

110 4188 139 4238 tis
156 4192 316 4257 Antiphanis
338 4190 544 4243 theotistos
568 4198 594 4241 et
615 4188 731 4241 Alexidis
757 4189 844 4241 'lhnrii
865 4206 888 4241 a.
908 4189 960 4242 336
1012 4188 1122 4258 Tandem
1143 4201 1200 4236 cuni

110 4257 279 4313 Macedonum
298 4263 437 4314 auctoritas
457 4277 576 4330 graecum
594 4260 738 4313 libertatem
765 4262 941 4327 opprimeret,
971 4277 1039 4313 noco
1068 4257 1202 4311 comoedis

109 4330 211 4400 delapsa
232 4341 277 4384 est
296 4334 327 4383 nd
347 4349 388 4383 res
406 4334 535 4401 privates3
555 4335 710 4401 praecipuus
728 4332 867 4387 llennnder
886 4328 1200 4397 lenimentum-290.

109 4403 137 4451 cf.
157 4400 190 4455 A,
208 4405 238 4460 Ρ.
258 4404 463 4457 281-284.-
481 4407 605 4474 virorum}
627 4406 678 4457 Sat
698 4402 720 4465 1,
742 4404 843 4467 10,16.
880 4403 1037 4471 Designatus
1054 4410 1080 4453 et
1096 4402 1203 4453 nomine

107 4481 132 4525 et
150 4472 219 4541 loco,
238 4490 320 4545 quern
340 4476 380 4529 bis
400 4478 504 4547 recepit
515 4488 618 4542 nomen,
637 4473 719 4529 uirilis
736 4474 784 4527 itta
796 4474 902 4530 libertos
920 4477 947 4527 in
959 4474 1117 4544 emtigondis
1128 4472 1201 4525 uitiis
