<?xml version="1.0" encoding="UTF-8"?>
<!DOCTYPE html PUBLIC "-//W3C//DTD XHTML 1.0 Transitional//EN"
    "http://www.w3.org/TR/xhtml1/DTD/xhtml1-transitional.dtd">
<html xmlns="http://www.w3.org/1999/xhtml" xml:lang="en" lang="en">
 <head>
  <title>
</title>
<meta http-equiv="Content-Type" content="text/html;charset=utf-8" />
  <meta name='ocr-system' content='tesseract 3.04.00' />
  <meta name='ocr-capabilities' content='ocr_page ocr_carea ocr_par ocr_line ocrx_word'/>
</head>
<body>
  <div class='ocr_page' id='page_1' title='image "./operaomnia00dillgoog_0242.png"; bbox 0 0 3117 5042; ppageno 0'>
   <div class='ocr_carea' id='block_1_1' title="bbox 338 362 1009 478">
    <p class='ocr_par' dir='ltr' id='par_1_1' title="bbox 338 362 1009 478">
     <span class='ocr_line' id='line_1_1' title="bbox 338 362 1009 478; baseline -0.003 0"><span class='ocrx_word' id='word_1_1' title='bbox 338 422 400 478; x_wconf 73' lang='lat' dir='ltr'><strong>aar</strong></span> <span class='ocrx_word' id='word_1_2' title='bbox 745 362 1009 477; x_wconf 81' lang='lat' dir='ltr'><strong>ouuumuu</strong></span> 
     </span>
    </p>
   </div>
   <div class='ocr_carea' id='block_1_2' title="bbox 409 593 1428 2505">
    <p class='ocr_par' dir='ltr' id='par_1_2' title="bbox 409 593 1428 2505">
     <span class='ocr_line' id='line_1_2' title="bbox 539 593 1048 677; baseline -0.012 -17"><span class='ocrx_word' id='word_1_3' title='bbox 539 598 607 660; x_wconf 86' lang='lat' dir='ltr'><strong>Non</strong></span> <span class='ocrx_word' id='word_1_4' title='bbox 629 614 697 658; x_wconf 89' lang='lat' dir='ltr'><strong>sum</strong></span> <span class='ocrx_word' id='word_1_5' title='bbox 718 595 820 677; x_wconf 77' lang='lat' dir='ltr'><strong>qualis</strong></span> <span class='ocrx_word' id='word_1_6' title='bbox 842 613 927 658; x_wconf 89' lang='lat' dir='ltr'><strong>eram</strong></span> <span class='ocrx_word' id='word_1_7' title='bbox 948 593 1048 657; x_wconf 83' lang='lat' dir='ltr'><strong>bonae</strong></span> 
     </span>
     <span class='ocr_line' id='line_1_3' title="bbox 619 700 1295 783; baseline -0.003 -17"><span class='ocrx_word' id='word_1_8' title='bbox 619 704 685 766; x_wconf 85' lang='lat' dir='ltr'><strong>Sub</strong></span> <span class='ocrx_word' id='word_1_9' title='bbox 705 720 804 783; x_wconf 81' lang='lat' dir='ltr'><strong>regno</strong></span> <span class='ocrx_word' id='word_1_10' title='bbox 825 700 968 766; x_wconf 77' lang='lat' dir='ltr'><strong>Cinarae.</strong></span> <span class='ocrx_word' id='word_1_11' title='bbox 1011 700 1140 781; x_wconf 76' lang='lat' dir='ltr'><strong>Desine,</strong></span> <span class='ocrx_word' id='word_1_12' title='bbox 1161 701 1295 765; x_wconf 77' lang='lat' dir='ltr'>dulcium</span> 
     </span>
     <span class='ocr_line' id='line_1_4' title="bbox 503 792 1153 891; baseline -0.002 -18"><span class='ocrx_word' id='word_1_13' title='bbox 503 829 518 873; x_wconf 82' lang='lat' dir='ltr'><strong>s</strong></span> <span class='ocrx_word' id='word_1_14' title='bbox 540 811 641 874; x_wconf 80' lang='lat' dir='ltr'><strong>Mater</strong></span> <span class='ocrx_word' id='word_1_15' title='bbox 660 828 756 872; x_wconf 79' lang='lat' dir='ltr'><strong>saera</strong></span> <span class='ocrx_word' id='word_1_16' title='bbox 776 808 981 891; x_wconf 86' lang='lat' dir='ltr'><strong>Cupidinum,</strong></span> <span class='ocrx_word' id='word_1_17' title='bbox 1147 792 1153 804; x_wconf 69' lang='grc'><em>’</em></span> 
     </span>
     <span class='ocr_line' id='line_1_5' title="bbox 618 913 1263 981; baseline -0.003 0"><span class='ocrx_word' id='word_1_18' title='bbox 618 916 710 981; x_wconf 78' lang='lat' dir='ltr'><strong>Circa</strong></span> <span class='ocrx_word' id='word_1_19' title='bbox 731 916 831 980; x_wconf 89' lang='lat' dir='ltr'><strong>lustra</strong></span> <span class='ocrx_word' id='word_1_20' title='bbox 851 917 955 979; x_wconf 88' lang='lat' dir='ltr'><strong>decem</strong></span> <span class='ocrx_word' id='word_1_21' title='bbox 973 913 1098 981; x_wconf 86' lang='lat' dir='ltr'><strong>llectere</strong></span> <span class='ocrx_word' id='word_1_22' title='bbox 1118 914 1263 980; x_wconf 83' lang='lat' dir='ltr'><strong>mollibus</strong></span> 
     </span>
     <span class='ocr_line' id='line_1_6' title="bbox 535 1022 975 1106; baseline -0.007 -15"><span class='ocrx_word' id='word_1_23' title='bbox 535 1027 601 1091; x_wconf 89' lang='lat' dir='ltr'><strong>lam</strong></span> <span class='ocrx_word' id='word_1_24' title='bbox 622 1026 729 1088; x_wconf 86' lang='lat' dir='ltr'><strong>durum</strong></span> <span class='ocrx_word' id='word_1_25' title='bbox 748 1024 900 1106; x_wconf 87' lang='lat' dir='ltr'><strong>imperiis;</strong></span> <span class='ocrx_word' id='word_1_26' title='bbox 923 1022 975 1088; x_wconf 83' lang='lat' dir='ltr'><strong>abi</strong></span> 
     </span>
     <span class='ocr_line' id='line_1_7' title="bbox 618 1131 1366 1212; baseline -0.001 -16"><span class='ocrx_word' id='word_1_27' title='bbox 618 1137 685 1210; x_wconf 80' lang='lat' dir='ltr'><strong>Quo</strong></span> <span class='ocrx_word' id='word_1_28' title='bbox 705 1131 839 1196; x_wconf 76' lang='lat' dir='ltr'><strong>blandae</strong></span> <span class='ocrx_word' id='word_1_29' title='bbox 859 1132 1004 1194; x_wconf 85' lang='lat' dir='ltr'><strong>iuvenum</strong></span> <span class='ocrx_word' id='word_1_30' title='bbox 1026 1135 1058 1193; x_wconf 89' lang='lat' dir='ltr'><strong>te</strong></span> <span class='ocrx_word' id='word_1_31' title='bbox 1079 1134 1229 1195; x_wconf 83' lang='lat' dir='ltr'><strong>revocant</strong></span> <span class='ocrx_word' id='word_1_32' title='bbox 1249 1144 1366 1212; x_wconf 78' lang='lat' dir='ltr'><strong>preces.</strong></span> 
     </span>
     <span class='ocr_line' id='line_1_8' title="bbox 537 1239 956 1323; baseline -0.007 -19"><span class='ocrx_word' id='word_1_33' title='bbox 537 1240 762 1323; x_wconf 83' lang='lat' dir='ltr'><strong>Tempestlvius</strong></span> <span class='ocrx_word' id='word_1_34' title='bbox 784 1240 815 1301; x_wconf 93' lang='lat' dir='ltr'><strong>in</strong></span> <span class='ocrx_word' id='word_1_35' title='bbox 835 1239 956 1301; x_wconf 86' lang='lat' dir='ltr'><strong>domum</strong></span> 
     </span>
     <span class='ocr_line' id='line_1_9' title="bbox 482 1342 1131 1428; baseline -0.003 -19"><span class='ocrx_word' id='word_1_36' title='bbox 482 1364 512 1410; x_wconf 83' lang='lat' dir='ltr'><strong>no</strong></span> <span class='ocrx_word' id='word_1_37' title='bbox 614 1348 704 1410; x_wconf 84' lang='lat' dir='ltr'><strong>Pauli</strong></span> <span class='ocrx_word' id='word_1_38' title='bbox 724 1346 886 1428; x_wconf 73' lang='lat' dir='ltr'>purpureis</span> <span class='ocrx_word' id='word_1_39' title='bbox 906 1347 974 1410; x_wconf 88' lang='lat' dir='ltr'><strong>ales</strong></span> <span class='ocrx_word' id='word_1_40' title='bbox 992 1342 1131 1409; x_wconf 88' lang='lat' dir='ltr'><strong>oloribus</strong></span> 
     </span>
     <span class='ocr_line' id='line_1_10' title="bbox 540 1450 920 1530; baseline -0.008 -12"><span class='ocrx_word' id='word_1_41' title='bbox 540 1454 755 1519; x_wconf 78' lang='lat' dir='ltr'><strong>comissabere</strong></span> <span class='ocrx_word' id='word_1_42' title='bbox 775 1450 920 1530; x_wconf 83' lang='lat' dir='ltr'><strong>Maximi,</strong></span> 
     </span>
     <span class='ocr_line' id='line_1_11' title="bbox 621 1556 1236 1644; baseline -0.008 -19"><span class='ocrx_word' id='word_1_43' title='bbox 621 1561 658 1625; x_wconf 83' lang='lat' dir='ltr'><strong>si</strong></span> <span class='ocrx_word' id='word_1_44' title='bbox 681 1568 803 1624; x_wconf 84' lang='lat' dir='ltr'><strong>torrere</strong></span> <span class='ocrx_word' id='word_1_45' title='bbox 824 1561 910 1623; x_wconf 89' lang='lat' dir='ltr'><strong>iecur</strong></span> <span class='ocrx_word' id='word_1_46' title='bbox 930 1556 1054 1644; x_wconf 77' lang='lat' dir='ltr'><strong>quaeris</strong></span> <span class='ocrx_word' id='word_1_47' title='bbox 1077 1557 1236 1622; x_wconf 84' lang='lat' dir='ltr'><strong>idoneum:</strong></span> 
     </span>
     <span class='ocr_line' id='line_1_12' title="bbox 537 1668 1043 1752; baseline -0.004 -20"><span class='ocrx_word' id='word_1_48' title='bbox 537 1670 674 1752; x_wconf 78' lang='lat' dir='ltr'><strong>Namque</strong></span> <span class='ocrx_word' id='word_1_49' title='bbox 694 1674 726 1731; x_wconf 92' lang='lat' dir='ltr'><strong>et</strong></span> <span class='ocrx_word' id='word_1_50' title='bbox 746 1668 859 1732; x_wconf 85' lang='lat' dir='ltr'><strong>nobilis</strong></span> <span class='ocrx_word' id='word_1_51' title='bbox 878 1673 910 1730; x_wconf 88' lang='lat' dir='ltr'><strong>et</strong></span> <span class='ocrx_word' id='word_1_52' title='bbox 929 1669 1043 1730; x_wconf 87' lang='lat' dir='ltr'><strong>decens</strong></span> 
     </span>
     <span class='ocr_line' id='line_1_13' title="bbox 619 1775 1206 1857; baseline -0.007 -18"><span class='ocrx_word' id='word_1_53' title='bbox 619 1776 662 1839; x_wconf 73' lang='lat' dir='ltr'><strong>ut</strong></span> <span class='ocrx_word' id='word_1_54' title='bbox 683 1795 741 1857; x_wconf 90' lang='lat' dir='ltr'><strong>pro</strong></span> <span class='ocrx_word' id='word_1_55' title='bbox 761 1775 905 1840; x_wconf 81' lang='lat' dir='ltr'><strong>sollicitis</strong></span> <span class='ocrx_word' id='word_1_56' title='bbox 924 1795 987 1840; x_wconf 91' lang='lat' dir='ltr'><strong>non</strong></span> <span class='ocrx_word' id='word_1_57' title='bbox 1008 1776 1123 1840; x_wconf 78' lang='lat' dir='ltr'><strong>tacitus</strong></span> <span class='ocrx_word' id='word_1_58' title='bbox 1142 1775 1206 1837; x_wconf 88' lang='lat' dir='ltr'><strong>reis</strong></span> 
     </span>
     <span class='ocr_line' id='line_1_14' title="bbox 485 1883 949 1965; baseline 0.004 -20"><span class='ocrx_word' id='word_1_59' title='bbox 485 1901 515 1944; x_wconf 81' lang='lat' dir='ltr'><strong>rs</strong></span> <span class='ocrx_word' id='word_1_60' title='bbox 536 1883 577 1946; x_wconf 79' lang='lat' dir='ltr'><strong>tut</strong></span> <span class='ocrx_word' id='word_1_61' title='bbox 596 1892 715 1946; x_wconf 88' lang='lat' dir='ltr'><strong>centum</strong></span> <span class='ocrx_word' id='word_1_62' title='bbox 734 1901 813 1965; x_wconf 87' lang='lat' dir='ltr'><strong>puer</strong></span> <span class='ocrx_word' id='word_1_63' title='bbox 837 1884 949 1947; x_wconf 86' lang='lat' dir='ltr'><strong>artium</strong></span> 
     </span>
     <span class='ocr_line' id='line_1_15' title="bbox 616 1989 1173 2073; baseline 0 -21"><span class='ocrx_word' id='word_1_64' title='bbox 616 1991 695 2053; x_wconf 83' lang='lat' dir='ltr'><strong>Late</strong></span> <span class='ocrx_word' id='word_1_65' title='bbox 716 1991 809 2073; x_wconf 80' lang='lat' dir='ltr'><strong>sigua</strong></span> <span class='ocrx_word' id='word_1_66' title='bbox 830 1994 910 2055; x_wconf 80' lang='lat' dir='ltr'><strong>feret</strong></span> <span class='ocrx_word' id='word_1_67' title='bbox 930 1989 1059 2055; x_wconf 87' lang='lat' dir='ltr'><strong>militiae</strong></span> <span class='ocrx_word' id='word_1_68' title='bbox 1080 1996 1173 2068; x_wconf 83' lang='lat' dir='ltr'><strong>tuae,</strong></span> 
     </span>
     <span class='ocr_line' id='line_1_16' title="bbox 537 2097 958 2181; baseline 0.002 -21"><span class='ocrx_word' id='word_1_69' title='bbox 537 2097 580 2160; x_wconf 73' lang='lat' dir='ltr'><strong>Et</strong></span> <span class='ocrx_word' id='word_1_70' title='bbox 600 2097 784 2181; x_wconf 77' lang='lat' dir='ltr'><strong>quandoque</strong></span> <span class='ocrx_word' id='word_1_71' title='bbox 801 2097 958 2179; x_wconf 88' lang='lat' dir='ltr'><strong>potentior</strong></span> 
     </span>
     <span class='ocr_line' id='line_1_17' title="bbox 619 2201 1190 2289; baseline -0.002 -21"><span class='ocrx_word' id='word_1_72' title='bbox 619 2206 718 2289; x_wconf 77' lang='lat' dir='ltr'><strong>Largi</strong></span> <span class='ocrx_word' id='word_1_73' title='bbox 738 2205 912 2270; x_wconf 87' lang='lat' dir='ltr'><strong>muneribus</strong></span> <span class='ocrx_word' id='word_1_74' title='bbox 933 2201 1038 2270; x_wconf 80' lang='lat' dir='ltr'><strong>riserit</strong></span> <span class='ocrx_word' id='word_1_75' title='bbox 1058 2203 1190 2284; x_wconf 81' lang='lat' dir='ltr'><strong>aemuli,</strong></span> 
     </span>
     <span class='ocr_line' id='line_1_18' title="bbox 538 2310 957 2395; baseline 0 -20"><span class='ocrx_word' id='word_1_76' title='bbox 538 2310 678 2376; x_wconf 81' lang='lat' dir='ltr'><strong>Albanos</strong></span> <span class='ocrx_word' id='word_1_77' title='bbox 701 2332 798 2395; x_wconf 89' lang='lat' dir='ltr'><strong>prope</strong></span> <span class='ocrx_word' id='word_1_78' title='bbox 818 2319 850 2376; x_wconf 89' lang='lat' dir='ltr'><strong>tc</strong></span> <span class='ocrx_word' id='word_1_79' title='bbox 870 2314 957 2377; x_wconf 88' lang='lat' dir='ltr'><strong>lucus</strong></span> 
     </span>
     <span class='ocr_line' id='line_1_19' title="bbox 409 2424 1428 2505; baseline -0.002 -24"><span class='ocrx_word' id='word_1_80' title='bbox 409 2428 438 2482; x_wconf 86' lang='lat' dir='ltr'><strong>V.</strong></span> <span class='ocrx_word' id='word_1_81' title='bbox 463 2430 486 2482; x_wconf 90' lang='lat' dir='ltr'><strong>t.</strong></span> <span class='ocrx_word' id='word_1_82' title='bbox 520 2431 667 2484; x_wconf 79' lang='lat' dir='ltr'><strong>intermissa</strong></span> <span class='ocrx_word' id='word_1_83' title='bbox 686 2433 763 2505; x_wconf 73' lang='lat' dir='ltr'><strong>deun]</strong></span> <span class='ocrx_word' id='word_1_84' title='bbox 786 2432 912 2501; x_wconf 88' lang='lat' dir='ltr'><strong>Compara</strong></span> <span class='ocrx_word' id='word_1_85' title='bbox 931 2432 1013 2486; x_wconf 82' lang='lat' dir='ltr'><strong>Germ.</strong></span> <span class='ocrx_word' id='word_1_86' title='bbox 1031 2432 1053 2499; x_wconf 88' lang='lat' dir='ltr'><strong>l,</strong></span> <span class='ocrx_word' id='word_1_87' title='bbox 1073 2430 1114 2484; x_wconf 84' lang='grc'><strong>19.</strong></span> <span class='ocrx_word' id='word_1_88' title='bbox 1132 2427 1179 2495; x_wconf 95' lang='grc'><strong>111,</strong></span> <span class='ocrx_word' id='word_1_89' title='bbox 1197 2429 1240 2483; x_wconf 78' lang='lat'><strong>26.</strong></span> <span class='ocrx_word' id='word_1_90' title='bbox 1276 2459 1309 2472; x_wconf 90' lang='lat'><em>-</em></span> <span class='ocrx_word' id='word_1_91' title='bbox 1350 2424 1428 2479; x_wconf 77' lang='lat' dir='ltr'><strong>bonna</strong></span> 
     </span>
    </p>
   </div>
   <div class='ocr_carea' id='block_1_3' title="bbox 338 2499 1527 2714">
    <p class='ocr_par' dir='ltr' id='par_1_3' title="bbox 338 2499 1527 2714">
     <span class='ocr_line' id='line_1_20' title="bbox 344 2499 1527 2571; baseline -0.002 -20"><span class='ocrx_word' id='word_1_92' title='bbox 344 2500 473 2570; x_wconf 78' lang='lat' dir='ltr'><strong>Cinarae]</strong></span> <span class='ocrx_word' id='word_1_93' title='bbox 499 2501 538 2553; x_wconf 83' lang='lat' dir='ltr'><strong>lie</strong></span> <span class='ocrx_word' id='word_1_94' title='bbox 565 2503 658 2554; x_wconf 82' lang='lat' dir='ltr'><strong>Cinara</strong></span> <span class='ocrx_word' id='word_1_95' title='bbox 681 2504 742 2555; x_wconf 92' lang='lat' dir='ltr'><strong>olim</strong></span> <span class='ocrx_word' id='word_1_96' title='bbox 771 2504 805 2555; x_wconf 86' lang='lat' dir='ltr'><strong>ab</strong></span> <span class='ocrx_word' id='word_1_97' title='bbox 824 2505 929 2556; x_wconf 85' lang='lat' dir='ltr'><strong>lloratio</strong></span> <span class='ocrx_word' id='word_1_98' title='bbox 946 2520 1010 2556; x_wconf 79' lang='lat' dir='ltr'><strong>uere</strong></span> <span class='ocrx_word' id='word_1_99' title='bbox 1027 2502 1191 2556; x_wconf 78' lang='lat' dir='ltr'><strong>amata-vide</strong></span> <span class='ocrx_word' id='word_1_100' title='bbox 1210 2500 1244 2552; x_wconf 85' lang='lat' dir='ltr'><strong>ud</strong></span> <span class='ocrx_word' id='word_1_101' title='bbox 1262 2499 1304 2563; x_wconf 84' lang='grc'><strong>111,</strong></span> <span class='ocrx_word' id='word_1_102' title='bbox 1328 2500 1368 2563; x_wconf 90' lang='grc'><strong>13,</strong></span> <span class='ocrx_word' id='word_1_103' title='bbox 1386 2501 1427 2550; x_wconf 75' lang='lat'><strong>21.</strong></span> <span class='ocrx_word' id='word_1_104' title='bbox 1526 2538 1527 2571; x_wconf 52' lang='lat'>3</span> 
     </span>
     <span class='ocr_line' id='line_1_21' title="bbox 339 2570 1527 2640; baseline -0.003 -18"><span class='ocrx_word' id='word_1_105' title='bbox 339 2571 436 2623; x_wconf 80' lang='lat' dir='ltr'><strong>lionam</strong></span> <span class='ocrx_word' id='word_1_106' title='bbox 457 2572 572 2639; x_wconf 85' lang='lat' dir='ltr'><strong>appellat</strong></span> <span class='ocrx_word' id='word_1_107' title='bbox 597 2574 691 2625; x_wconf 90' lang='lat' dir='ltr'><strong>dudum</strong></span> <span class='ocrx_word' id='word_1_108' title='bbox 724 2584 867 2640; x_wconf 87' lang='lat' dir='ltr'><strong>mortuam,</strong></span> <span class='ocrx_word' id='word_1_109' title='bbox 893 2585 921 2626; x_wconf 91' lang='lat' dir='ltr'><strong>ut</strong></span> <span class='ocrx_word' id='word_1_110' title='bbox 938 2575 1038 2627; x_wconf 81' lang='lat' dir='ltr'><strong>lucret.</strong></span> <span class='ocrx_word' id='word_1_111' title='bbox 1058 2575 1104 2637; x_wconf 96' lang='lat' dir='ltr'><strong>lll,</strong></span> <span class='ocrx_word' id='word_1_112' title='bbox 1125 2575 1207 2626; x_wconf 76' lang='lat' dir='ltr'><strong>tuat:</strong></span> <span class='ocrx_word' id='word_1_113' title='bbox 1228 2571 1352 2635; x_wconf 86' lang='lat' dir='ltr'><strong>„Lumina</strong></span> <span class='ocrx_word' id='word_1_114' title='bbox 1378 2570 1429 2619; x_wconf 89' lang='lat' dir='ltr'><strong>suis</strong></span> <span class='ocrx_word' id='word_1_115' title='bbox 1526 2588 1527 2609; x_wconf 63' lang='lat' dir='ltr'><strong>t</strong></span> 
     </span>
     <span class='ocr_line' id='line_1_22' title="bbox 338 2639 1527 2714; baseline -0.003 -22"><span class='ocrx_word' id='word_1_116' title='bbox 338 2644 422 2693; x_wconf 90' lang='lat' dir='ltr'><strong>oculis</strong></span> <span class='ocrx_word' id='word_1_117' title='bbox 441 2645 516 2693; x_wconf 88' lang='lat' dir='ltr'><strong>etiam</strong></span> <span class='ocrx_word' id='word_1_118' title='bbox 538 2643 620 2694; x_wconf 88' lang='lat' dir='ltr'><strong>bonus</strong></span> <span class='ocrx_word' id='word_1_119' title='bbox 639 2647 719 2695; x_wconf 80' lang='lat' dir='ltr'><strong>Arrcu&#39;</strong></span> <span class='ocrx_word' id='word_1_120' title='bbox 740 2646 870 2714; x_wconf 61' lang='grc' dir='ltr'><strong>10110011(ε</strong></span> <span class='ocrx_word' id='word_1_121' title='bbox 888 2677 922 2687; x_wconf 96' lang='grc'>-</span> <span class='ocrx_word' id='word_1_122' title='bbox 941 2648 1014 2697; x_wconf 85' lang='lat' dir='ltr'><strong>ciren</strong></span> <span class='ocrx_word' id='word_1_123' title='bbox 1032 2644 1115 2696; x_wconf 82' lang='lat' dir='ltr'><strong>lustra</strong></span> <span class='ocrx_word' id='word_1_124' title='bbox 1133 2646 1229 2712; x_wconf 79' lang='lat' dir='ltr'><strong>decent]</strong></span> <span class='ocrx_word' id='word_1_125' title='bbox 1251 2642 1358 2693; x_wconf 75' lang='lat' dir='ltr'><strong>Etiamsi</strong></span> <span class='ocrx_word' id='word_1_126' title='bbox 1378 2639 1430 2690; x_wconf 80' lang='lat' dir='ltr'><strong>llo-</strong></span> <span class='ocrx_word' id='word_1_127' title='bbox 1526 2668 1527 2675; x_wconf 26' lang='grc' dir='ltr'><strong>κ</strong></span> 
     </span>
    </p>
   </div>
   <div class='ocr_carea' id='block_1_4' title="bbox 339 2712 1429 2781">
    <p class='ocr_par' dir='ltr' id='par_1_4' title="bbox 339 2712 1429 2781">
     <span class='ocr_line' id='line_1_23' title="bbox 339 2712 1429 2781; baseline -0.002 -19"><span class='ocrx_word' id='word_1_128' title='bbox 339 2716 419 2763; x_wconf 87' lang='lat' dir='ltr'><strong>ratius</strong></span> <span class='ocrx_word' id='word_1_129' title='bbox 438 2713 527 2763; x_wconf 85' lang='lat' dir='ltr'><strong>decem</strong></span> <span class='ocrx_word' id='word_1_130' title='bbox 549 2713 628 2766; x_wconf 86' lang='lat' dir='ltr'><strong>lustra</strong></span> <span class='ocrx_word' id='word_1_131' title='bbox 649 2715 767 2781; x_wconf 87' lang='lat' dir='ltr'><strong>implevit</strong></span> <span class='ocrx_word' id='word_1_132' title='bbox 785 2732 807 2768; x_wconf 86' lang='lat' dir='ltr'><strong>a.</strong></span> <span class='ocrx_word' id='word_1_133' title='bbox 828 2716 852 2767; x_wconf 93' lang='lat' dir='ltr'><strong>d.</strong></span> <span class='ocrx_word' id='word_1_134' title='bbox 872 2716 907 2768; x_wconf 87' lang='lat' dir='ltr'><strong>vl</strong></span> <span class='ocrx_word' id='word_1_135' title='bbox 936 2717 974 2767; x_wconf 89' lang='lat' dir='ltr'><strong>ld.</strong></span> <span class='ocrx_word' id='word_1_136' title='bbox 994 2715 1130 2767; x_wconf 88' lang='lat' dir='ltr'><strong>Decembr.</strong></span> <span class='ocrx_word' id='word_1_137' title='bbox 1150 2729 1174 2765; x_wconf 82' lang='lat' dir='ltr'><strong>a.</strong></span> <span class='ocrx_word' id='word_1_138' title='bbox 1195 2712 1257 2777; x_wconf 81' lang='lat'><strong>739,</strong></span> <span class='ocrx_word' id='word_1_139' title='bbox 1278 2713 1353 2763; x_wconf 80' lang='lat' dir='ltr'><strong>circa</strong></span> <span class='ocrx_word' id='word_1_140' title='bbox 1372 2725 1429 2760; x_wconf 81' lang='lat' dir='ltr'><strong>roc.</strong></span> 
     </span>
    </p>
   </div>
   <div class='ocr_carea' id='block_1_5' title="bbox 341 2780 1527 2853">
    <p class='ocr_par' dir='ltr' id='par_1_5' title="bbox 341 2780 1527 2853">
     <span class='ocr_line' id='line_1_24' title="bbox 341 2780 1527 2853; baseline -0.001 -20"><span class='ocrx_word' id='word_1_141' title='bbox 341 2790 426 2833; x_wconf 71' lang='lat' dir='ltr'><strong>umen</strong></span> <span class='ocrx_word' id='word_1_142' title='bbox 446 2783 626 2849; x_wconf 65' lang='lat' dir='ltr'><strong>prohibetae</strong></span> <span class='ocrx_word' id='word_1_143' title='bbox 647 2788 704 2852; x_wconf 86' lang='lat' dir='ltr'><strong>quis</strong></span> <span class='ocrx_word' id='word_1_144' title='bbox 721 2803 744 2836; x_wconf 88' lang='lat' dir='ltr'><strong>a.</strong></span> <span class='ocrx_word' id='word_1_145' title='bbox 763 2788 815 2838; x_wconf 88' lang='grc'><strong>741</strong></span> <span class='ocrx_word' id='word_1_146' title='bbox 835 2786 885 2837; x_wconf 85' lang='lat' dir='ltr'><strong>boc</strong></span> <span class='ocrx_word' id='word_1_147' title='bbox 903 2787 1018 2837; x_wconf 88' lang='lat' dir='ltr'><strong>scribere</strong></span> <span class='ocrx_word' id='word_1_148' title='bbox 1038 2795 1141 2853; x_wconf 89' lang='lat' dir='ltr'><strong>poetam</strong></span> <span class='ocrx_word' id='word_1_149' title='bbox 1161 2785 1279 2852; x_wconf 87' lang='lat' dir='ltr'><strong>potuisse</strong></span> <span class='ocrx_word' id='word_1_150' title='bbox 1296 2790 1384 2849; x_wconf 77' lang='lat' dir='ltr'><strong>neget</strong></span> <span class='ocrx_word' id='word_1_151' title='bbox 1396 2808 1429 2822; x_wconf 88' lang='lat'>-</span> <span class='ocrx_word' id='word_1_152' title='bbox 1526 2780 1527 2793; x_wconf 61' lang='lat'>¹</span> 
     </span>
    </p>
   </div>
   <div class='ocr_carea' id='block_1_6' title="bbox 338 2853 1433 3065">
    <p class='ocr_par' dir='ltr' id='par_1_6' title="bbox 338 2828 1527 3065">
     <span class='ocr_line' id='line_1_25' title="bbox 338 2853 1431 2927; baseline -0.001 -25"><span class='ocrx_word' id='word_1_153' title='bbox 338 2855 450 2922; x_wconf 70' lang='lat' dir='ltr'><strong>pectere]</strong></span> <span class='ocrx_word' id='word_1_154' title='bbox 473 2856 623 2921; x_wconf 73' lang='lat' dir='ltr'><strong>metaphora</strong></span> <span class='ocrx_word' id='word_1_155' title='bbox 642 2864 742 2922; x_wconf 86' lang='lat' dir='ltr'><strong>sumpta</strong></span> <span class='ocrx_word' id='word_1_156' title='bbox 761 2855 794 2907; x_wconf 83' lang='lat' dir='ltr'><strong>ab</strong></span> <span class='ocrx_word' id='word_1_157' title='bbox 813 2859 886 2925; x_wconf 86' lang='lat' dir='ltr'><strong>equis</strong></span> <span class='ocrx_word' id='word_1_158' title='bbox 905 2858 952 2927; x_wconf 75' lang='lat' dir='ltr'><strong>(cl.</strong></span> <span class='ocrx_word' id='word_1_159' title='bbox 973 2857 1049 2908; x_wconf 81' lang='lat' dir='ltr'><strong>Carnu</strong></span> <span class='ocrx_word' id='word_1_160' title='bbox 1074 2856 1245 2923; x_wconf 74' lang='grc'><strong>111,7,15);</strong></span> <span class='ocrx_word' id='word_1_161' title='bbox 1275 2853 1337 2904; x_wconf 86' lang='lat' dir='ltr'><strong>iude</strong></span> <span class='ocrx_word' id='word_1_162' title='bbox 1356 2854 1431 2903; x_wconf 72' lang='lat' dir='ltr'><strong>etmm</strong></span> 
     </span>
     <span class='ocr_line' id='line_1_26' title="bbox 340 2922 1433 2998; baseline -0.001 -25"><span class='ocrx_word' id='word_1_163' title='bbox 340 2924 469 2974; x_wconf 81' lang='lat' dir='ltr'><strong>adiectioa</strong></span> <span class='ocrx_word' id='word_1_164' title='bbox 488 2924 572 2976; x_wconf 83' lang='lat' dir='ltr'><strong>mollis</strong></span> <span class='ocrx_word' id='word_1_165' title='bbox 591 2936 616 2977; x_wconf 90' lang='lat' dir='ltr'><strong>et</strong></span> <span class='ocrx_word' id='word_1_166' title='bbox 635 2927 721 2978; x_wconf 84' lang='lat' dir='ltr'><strong>durus.</strong></span> <span class='ocrx_word' id='word_1_167' title='bbox 759 2958 795 2970; x_wconf 87' lang='lat'><em>-</em></span> <span class='ocrx_word' id='word_1_168' title='bbox 834 2937 859 2979; x_wconf 81' lang='lat' dir='ltr'><strong>ts</strong></span> <span class='ocrx_word' id='word_1_169' title='bbox 878 2933 1011 2998; x_wconf 81' lang='lat' dir='ltr'><strong>recocunt]</strong></span> <span class='ocrx_word' id='word_1_170' title='bbox 1033 2927 1172 2995; x_wconf 81' lang='lat' dir='ltr'><strong>Ingeniosa</strong></span> <span class='ocrx_word' id='word_1_171' title='bbox 1193 2924 1296 2993; x_wconf 90' lang='lat' dir='ltr'><strong>quidem</strong></span> <span class='ocrx_word' id='word_1_172' title='bbox 1315 2922 1433 2975; x_wconf 85' lang='lat' dir='ltr'><strong>sednon</strong></span> 
     </span>
     <span class='ocr_line' id='line_1_27' title="bbox 340 2996 1431 3065; baseline -0.003 -20"><span class='ocrx_word' id='word_1_173' title='bbox 340 2997 489 3046; x_wconf 86' lang='lat' dir='ltr'><strong>necessaria</strong></span> <span class='ocrx_word' id='word_1_174' title='bbox 515 3000 664 3048; x_wconf 87' lang='lat' dir='ltr'><strong>coniectura</strong></span> <span class='ocrx_word' id='word_1_175' title='bbox 691 2996 866 3065; x_wconf 80' lang='lat' dir='ltr'><strong>Peerlkampii</strong></span> <span class='ocrx_word' id='word_1_176' title='bbox 889 3001 939 3049; x_wconf 86' lang='lat' dir='ltr'><strong>rite</strong></span> <span class='ocrx_word' id='word_1_177' title='bbox 956 3007 1068 3061; x_wconf 84' lang='lat' dir='ltr'><strong>cocunt,</strong></span> <span class='ocrx_word' id='word_1_178' title='bbox 1097 3014 1155 3048; x_wconf 85' lang='lat' dir='ltr'><strong>uum</strong></span> <span class='ocrx_word' id='word_1_179' title='bbox 1177 3002 1302 3047; x_wconf 76' lang='lat' dir='ltr'><strong>recocunt</strong></span> <span class='ocrx_word' id='word_1_180' title='bbox 1319 3009 1372 3044; x_wconf 89' lang='lat' dir='ltr'><strong>nnn</strong></span> <span class='ocrx_word' id='word_1_181' title='bbox 1393 2997 1431 3044; x_wconf 89' lang='lat' dir='ltr'><strong>est</strong></span> 
     </span>
    </p>
   </div>
   <div class='ocr_carea' id='block_1_7' title="bbox 339 3066 1527 3134">
    <p class='ocr_par' dir='ltr' id='par_1_7' title="bbox 339 3066 1527 3134">
     <span class='ocr_line' id='line_1_28' title="bbox 339 3066 1527 3134; baseline 0.005 -19"><span class='ocrx_word' id='word_1_182' title='bbox 339 3066 432 3116; x_wconf 88' lang='lat' dir='ltr'><strong>iterum</strong></span> <span class='ocrx_word' id='word_1_183' title='bbox 455 3072 557 3129; x_wconf 84' lang='lat' dir='ltr'><strong>vocant,</strong></span> <span class='ocrx_word' id='word_1_184' title='bbox 575 3068 621 3118; x_wconf 82' lang='lat' dir='ltr'><strong>sed</strong></span> <span class='ocrx_word' id='word_1_185' title='bbox 641 3082 671 3134; x_wconf 79' lang='lat' dir='ltr'><strong>,a</strong></span> <span class='ocrx_word' id='word_1_186' title='bbox 688 3084 730 3119; x_wconf 87' lang='lat' dir='ltr'><strong>mc</strong></span> <span class='ocrx_word' id='word_1_187' title='bbox 749 3070 782 3119; x_wconf 85' lang='lat' dir='ltr'><strong>nd</strong></span> <span class='ocrx_word' id='word_1_188' title='bbox 798 3085 828 3120; x_wconf 85' lang='lat' dir='ltr'><strong>se</strong></span> <span class='ocrx_word' id='word_1_189' title='bbox 847 3078 962 3120; x_wconf 79' lang='lat' dir='ltr'><strong>vocant“</strong></span> <span class='ocrx_word' id='word_1_190' title='bbox 985 3072 1029 3122; x_wconf 89' lang='lat' dir='ltr'><strong>Sat</strong></span> <span class='ocrx_word' id='word_1_191' title='bbox 1058 3068 1090 3132; x_wconf 96' lang='lat' dir='ltr'><strong>ll,</strong></span> <span class='ocrx_word' id='word_1_192' title='bbox 1110 3066 1214 3133; x_wconf 57' lang='grc'><strong>0161.</strong></span> <span class='ocrx_word' id='word_1_193' title='bbox 1235 3099 1267 3110; x_wconf 90' lang='lat'>-</span> <span class='ocrx_word' id='word_1_194' title='bbox 1302 3066 1432 3133; x_wconf 76' lang='lat' dir='ltr'><strong>tempesti-</strong></span> <span class='ocrx_word' id='word_1_195' title='bbox 1526 3116 1527 3121; x_wconf 75' lang='grc'><strong>,</strong></span> 
     </span>
    </p>
   </div>
   <div class='ocr_carea' id='block_1_8' title="bbox 339 3135 1440 3986">
    <p class='ocr_par' dir='ltr' id='par_1_8' title="bbox 339 3135 1440 3986">
     <span class='ocr_line' id='line_1_29' title="bbox 339 3135 1433 3205; baseline -0.002 -18"><span class='ocrx_word' id='word_1_196' title='bbox 339 3139 405 3205; x_wconf 81' lang='lat' dir='ltr'><strong>cius]</strong></span> <span class='ocrx_word' id='word_1_197' title='bbox 425 3140 507 3203; x_wconf 77' lang='lat' dir='ltr'><strong>magis</strong></span> <span class='ocrx_word' id='word_1_198' title='bbox 526 3147 690 3203; x_wconf 78' lang='lat' dir='ltr'><strong>opportune,</strong></span> <span class='ocrx_word' id='word_1_199' title='bbox 710 3149 738 3189; x_wconf 91' lang='lat' dir='ltr'><strong>ut</strong></span> <span class='ocrx_word' id='word_1_200' title='bbox 758 3139 831 3192; x_wconf 84' lang='lat' dir='ltr'><strong>Ouid</strong></span> <span class='ocrx_word' id='word_1_201' title='bbox 851 3138 924 3191; x_wconf 83' lang='lat' dir='ltr'><strong>Trist.</strong></span> <span class='ocrx_word' id='word_1_202' title='bbox 942 3139 985 3204; x_wconf 85' lang='lat' dir='ltr'><strong>lv,</strong></span> <span class='ocrx_word' id='word_1_203' title='bbox 1005 3138 1046 3204; x_wconf 88' lang='grc'><strong>10,</strong></span> <span class='ocrx_word' id='word_1_204' title='bbox 1063 3139 1117 3191; x_wconf 83' lang='lat'><strong>81:</strong></span> <span class='ocrx_word' id='word_1_205' title='bbox 1137 3137 1256 3203; x_wconf 74' lang='lat' dir='ltr'><strong>‚Felices</strong></span> <span class='ocrx_word' id='word_1_206' title='bbox 1274 3135 1351 3187; x_wconf 88' lang='lat' dir='ltr'><strong>umbo</strong></span> <span class='ocrx_word' id='word_1_207' title='bbox 1366 3144 1433 3186; x_wconf 83' lang='lat' dir='ltr'><strong>tenr-</strong></span> 
     </span>
     <span class='ocr_line' id='line_1_30' title="bbox 341 3208 1435 3280; baseline 0.002 -25"><span class='ocrx_word' id='word_1_208' title='bbox 341 3209 496 3273; x_wconf 83' lang='lat' dir='ltr'><strong>pestiveque</strong></span> <span class='ocrx_word' id='word_1_209' title='bbox 513 3208 654 3274; x_wconf 78' lang='lat' dir='ltr'><strong>sepultos.“</strong></span> <span class='ocrx_word' id='word_1_210' title='bbox 681 3232 713 3249; x_wconf 60' lang='grc' dir='ltr'><strong>ι-</strong></span> <span class='ocrx_word' id='word_1_211' title='bbox 738 3211 766 3260; x_wconf 83' lang='lat' dir='ltr'><strong>in</strong></span> <span class='ocrx_word' id='word_1_212' title='bbox 786 3210 896 3280; x_wconf 81' lang='lat' dir='ltr'><strong>domum}</strong></span> <span class='ocrx_word' id='word_1_213' title='bbox 917 3210 981 3261; x_wconf 86' lang='lat' dir='ltr'><strong>Boni</strong></span> <span class='ocrx_word' id='word_1_214' title='bbox 1005 3212 1082 3261; x_wconf 88' lang='lat' dir='ltr'><strong>etium</strong></span> <span class='ocrx_word' id='word_1_215' title='bbox 1101 3209 1206 3262; x_wconf 84' lang='lat' dir='ltr'><strong>codices</strong></span> <span class='ocrx_word' id='word_1_216' title='bbox 1223 3210 1252 3260; x_wconf 84' lang='lat' dir='ltr'><strong>in</strong></span> <span class='ocrx_word' id='word_1_217' title='bbox 1271 3208 1366 3271; x_wconf 67' lang='lat' dir='ltr'><strong>domup</strong></span> <span class='ocrx_word' id='word_1_218' title='bbox 1391 3222 1435 3257; x_wconf 88' lang='lat' dir='ltr'><strong>re·</strong></span> 
     </span>
     <span class='ocr_line' id='line_1_31' title="bbox 342 3274 1432 3349; baseline 0.004 -24"><span class='ocrx_word' id='word_1_219' title='bbox 342 3278 408 3326; x_wconf 85' lang='lat' dir='ltr'><strong>etius</strong></span> <span class='ocrx_word' id='word_1_220' title='bbox 428 3285 513 3327; x_wconf 87' lang='lat' dir='ltr'><strong>tamen</strong></span> <span class='ocrx_word' id='word_1_221' title='bbox 532 3278 595 3328; x_wconf 90' lang='lat' dir='ltr'><strong>illud</strong></span> <span class='ocrx_word' id='word_1_222' title='bbox 616 3287 721 3345; x_wconf 87' lang='lat' dir='ltr'><strong>propter</strong></span> <span class='ocrx_word' id='word_1_223' title='bbox 739 3288 835 3331; x_wconf 90' lang='lat' dir='ltr'><strong>motum</strong></span> <span class='ocrx_word' id='word_1_224' title='bbox 856 3283 899 3349; x_wconf 88' lang='lat' dir='ltr'><strong>qui</strong></span> <span class='ocrx_word' id='word_1_225' title='bbox 926 3282 994 3333; x_wconf 85' lang='lat' dir='ltr'><strong>inest</strong></span> <span class='ocrx_word' id='word_1_226' title='bbox 1012 3283 1037 3332; x_wconf 91' lang='lat' dir='ltr'><strong>in</strong></span> <span class='ocrx_word' id='word_1_227' title='bbox 1055 3276 1248 3332; x_wconf 80' lang='lat' dir='ltr'><strong>comissatione.</strong></span> <span class='ocrx_word' id='word_1_228' title='bbox 1273 3309 1309 3320; x_wconf 84' lang='lat'>-</span> <span class='ocrx_word' id='word_1_229' title='bbox 1346 3274 1432 3345; x_wconf 72' lang='lat' dir='ltr'><strong>Pauo]</strong></span> 
     </span>
     <span class='ocr_line' id='line_1_32' title="bbox 341 3344 1436 3413; baseline -0.001 -15"><span class='ocrx_word' id='word_1_230' title='bbox 341 3346 449 3398; x_wconf 85' lang='lat' dir='ltr'><strong>Videtur</strong></span> <span class='ocrx_word' id='word_1_231' title='bbox 469 3362 528 3399; x_wconf 84' lang='lat' dir='ltr'><strong>esse</strong></span> <span class='ocrx_word' id='word_1_232' title='bbox 547 3348 640 3400; x_wconf 86' lang='lat' dir='ltr'><strong>Paulus</strong></span> <span class='ocrx_word' id='word_1_233' title='bbox 655 3349 749 3401; x_wconf 82' lang='lat' dir='ltr'><strong>Fabius</strong></span> <span class='ocrx_word' id='word_1_234' title='bbox 768 3352 892 3403; x_wconf 78' lang='lat' dir='ltr'><strong>Maximus</strong></span> <span class='ocrx_word' id='word_1_235' title='bbox 913 3366 965 3403; x_wconf 89' lang='lat' dir='ltr'><strong>cos.</strong></span> <span class='ocrx_word' id='word_1_236' title='bbox 985 3367 1008 3402; x_wconf 84' lang='lat' dir='ltr'><strong>a.</strong></span> <span class='ocrx_word' id='word_1_237' title='bbox 1027 3368 1053 3402; x_wconf 89' lang='lat' dir='ltr'><strong>u.</strong></span> <span class='ocrx_word' id='word_1_238' title='bbox 1073 3350 1133 3404; x_wconf 83' lang='grc'><strong>743.</strong></span> <span class='ocrx_word' id='word_1_239' title='bbox 1179 3350 1314 3413; x_wconf 80' lang='lat' dir='ltr'><strong>Quemne</strong></span> <span class='ocrx_word' id='word_1_240' title='bbox 1334 3344 1436 3399; x_wconf 83' lang='lat' dir='ltr'><strong>mireris</strong></span> 
     </span>
     <span class='ocr_line' id='line_1_33' title="bbox 341 3415 1436 3491; baseline -0.002 -22"><span class='ocrx_word' id='word_1_241' title='bbox 341 3432 420 3469; x_wconf 80' lang='lat' dir='ltr'><strong>uersu</strong></span> <span class='ocrx_word' id='word_1_242' title='bbox 437 3417 469 3469; x_wconf 82' lang='lat'><strong>15</strong></span> <span class='ocrx_word' id='word_1_243' title='bbox 486 3436 596 3488; x_wconf 72' lang='lat' dir='ltr'><strong>paenam</strong></span> <span class='ocrx_word' id='word_1_244' title='bbox 614 3423 758 3485; x_wconf 88' lang='lat' dir='ltr'><strong>nominari,</strong></span> <span class='ocrx_word' id='word_1_245' title='bbox 788 3425 875 3491; x_wconf 78' lang='lat' dir='ltr'><strong>cogita</strong></span> <span class='ocrx_word' id='word_1_246' title='bbox 903 3422 972 3475; x_wconf 88' lang='lat' dir='ltr'><strong>hunc</strong></span> <span class='ocrx_word' id='word_1_247' title='bbox 995 3422 1072 3474; x_wconf 82' lang='lat' dir='ltr'><strong>ualde</strong></span> <span class='ocrx_word' id='word_1_248' title='bbox 1098 3421 1240 3490; x_wconf 80' lang='lat' dir='ltr'><strong>gmtiosum</strong></span> <span class='ocrx_word' id='word_1_249' title='bbox 1265 3419 1349 3470; x_wconf 86' lang='lat' dir='ltr'><strong>luisse</strong></span> <span class='ocrx_word' id='word_1_250' title='bbox 1368 3415 1436 3486; x_wconf 81' lang='lat' dir='ltr'><strong>apud</strong></span> 
     </span>
     <span class='ocr_line' id='line_1_34' title="bbox 341 3488 1436 3562; baseline -0.001 -22"><span class='ocrx_word' id='word_1_251' title='bbox 341 3490 486 3556; x_wconf 76' lang='lat' dir='ltr'><strong>Angustum</strong></span> <span class='ocrx_word' id='word_1_252' title='bbox 504 3506 589 3559; x_wconf 84' lang='lat' dir='ltr'><strong>neque</strong></span> <span class='ocrx_word' id='word_1_253' title='bbox 607 3492 656 3542; x_wconf 90' lang='lat' dir='ltr'><strong>iam</strong></span> <span class='ocrx_word' id='word_1_254' title='bbox 675 3492 825 3545; x_wconf 83' lang='lat' dir='ltr'><strong>observatus</strong></span> <span class='ocrx_word' id='word_1_255' title='bbox 839 3509 898 3545; x_wconf 87' lang='lat' dir='ltr'><strong>esse</strong></span> <span class='ocrx_word' id='word_1_256' title='bbox 916 3493 991 3562; x_wconf 74' lang='lat' dir='ltr'><strong>leges</strong></span> <span class='ocrx_word' id='word_1_257' title='bbox 1009 3490 1126 3545; x_wconf 87' lang='lat' dir='ltr'><strong>annales.</strong></span> <span class='ocrx_word' id='word_1_258' title='bbox 1147 3522 1183 3535; x_wconf 83' lang='lat'>-</span> <span class='ocrx_word' id='word_1_259' title='bbox 1198 3507 1275 3561; x_wconf 80' lang='lat' dir='ltr'><strong>purp.</strong></span> <span class='ocrx_word' id='word_1_260' title='bbox 1294 3488 1332 3540; x_wconf 87' lang='lat' dir='ltr'><strong>nl.</strong></span> <span class='ocrx_word' id='word_1_261' title='bbox 1351 3490 1436 3540; x_wconf 85' lang='lat' dir='ltr'><strong>olori-</strong></span> 
     </span>
     <span class='ocr_line' id='line_1_35' title="bbox 342 3559 1434 3635; baseline 0 -25"><span class='ocrx_word' id='word_1_262' title='bbox 342 3559 396 3632; x_wconf 71' lang='lat' dir='ltr'><strong>bus}</strong></span> <span class='ocrx_word' id='word_1_263' title='bbox 419 3560 476 3626; x_wconf 84' lang='lat' dir='ltr'><strong>lpsu</strong></span> <span class='ocrx_word' id='word_1_264' title='bbox 492 3562 579 3612; x_wconf 82' lang='lat' dir='ltr'><strong>lienus</strong></span> <span class='ocrx_word' id='word_1_265' title='bbox 599 3563 724 3630; x_wconf 86' lang='lat' dir='ltr'><strong>siquidum</strong></span> <span class='ocrx_word' id='word_1_266' title='bbox 743 3564 812 3614; x_wconf 87' lang='lat' dir='ltr'><strong>alata</strong></span> <span class='ocrx_word' id='word_1_267' title='bbox 831 3579 883 3615; x_wconf 88' lang='lat' dir='ltr'><strong>uon</strong></span> <span class='ocrx_word' id='word_1_268' title='bbox 902 3573 950 3629; x_wconf 89' lang='lat' dir='ltr'><strong>cst,</strong></span> <span class='ocrx_word' id='word_1_269' title='bbox 969 3562 1166 3615; x_wconf 88' lang='lat' dir='ltr'><strong>vebiturtamen</strong></span> <span class='ocrx_word' id='word_1_270' title='bbox 1183 3563 1216 3614; x_wconf 88' lang='lat' dir='ltr'><strong>ab</strong></span> <span class='ocrx_word' id='word_1_271' title='bbox 1230 3560 1345 3635; x_wconf 72' lang='lat' dir='ltr'><strong>alitibus.</strong></span> <span class='ocrx_word' id='word_1_272' title='bbox 1366 3561 1434 3612; x_wconf 81' lang='lat' dir='ltr'><strong>Pur-</strong></span> 
     </span>
     <span class='ocr_line' id='line_1_36' title="bbox 339 3632 1436 3701; baseline 0 -21"><span class='ocrx_word' id='word_1_273' title='bbox 339 3648 448 3700; x_wconf 84' lang='lat' dir='ltr'><strong>pureum</strong></span> <span class='ocrx_word' id='word_1_274' title='bbox 466 3639 551 3683; x_wconf 87' lang='lat' dir='ltr'><strong>autem</strong></span> <span class='ocrx_word' id='word_1_275' title='bbox 570 3648 622 3683; x_wconf 92' lang='lat' dir='ltr'><strong>nou</strong></span> <span class='ocrx_word' id='word_1_276' title='bbox 642 3633 811 3685; x_wconf 89' lang='lat' dir='ltr'><strong>rubicundum</strong></span> <span class='ocrx_word' id='word_1_277' title='bbox 832 3644 872 3685; x_wconf 90' lang='lat' dir='ltr'><strong>est</strong></span> <span class='ocrx_word' id='word_1_278' title='bbox 890 3635 936 3686; x_wconf 84' lang='lat' dir='ltr'><strong>sed</strong></span> <span class='ocrx_word' id='word_1_279' title='bbox 958 3635 1066 3689; x_wconf 88' lang='lat' dir='ltr'><strong>nitidum</strong></span> <span class='ocrx_word' id='word_1_280' title='bbox 1083 3649 1115 3685; x_wconf 86' lang='lat' dir='ltr'><strong>ac</strong></span> <span class='ocrx_word' id='word_1_281' title='bbox 1133 3632 1290 3701; x_wconf 82' lang='lat' dir='ltr'><strong>splendens,</strong></span> <span class='ocrx_word' id='word_1_282' title='bbox 1309 3639 1339 3682; x_wconf 84' lang='lat' dir='ltr'><strong>ut</strong></span> <span class='ocrx_word' id='word_1_283' title='bbox 1358 3634 1436 3682; x_wconf 83' lang='lat' dir='ltr'><strong>etiam</strong></span> 
     </span>
     <span class='ocr_line' id='line_1_37' title="bbox 341 3701 1438 3773; baseline 0 -22"><span class='ocrx_word' id='word_1_284' title='bbox 341 3704 426 3752; x_wconf 81' lang='lat' dir='ltr'><strong>nicom</strong></span> <span class='ocrx_word' id='word_1_285' title='bbox 441 3720 599 3771; x_wconf 81' lang='lat' dir='ltr'><strong>purpuream</strong></span> <span class='ocrx_word' id='word_1_286' title='bbox 617 3704 705 3754; x_wconf 87' lang='lat' dir='ltr'><strong>dicere</strong></span> <span class='ocrx_word' id='word_1_287' title='bbox 725 3707 857 3770; x_wconf 87' lang='lat' dir='ltr'><strong>potuerint</strong></span> <span class='ocrx_word' id='word_1_288' title='bbox 875 3702 949 3756; x_wconf 88' lang='lat' dir='ltr'><strong>latini</strong></span> <span class='ocrx_word' id='word_1_289' title='bbox 968 3715 1062 3771; x_wconf 89' lang='lat' dir='ltr'><strong>poetae</strong></span> <span class='ocrx_word' id='word_1_290' title='bbox 1097 3732 1133 3747; x_wconf 85' lang='lat'><strong>-·</strong></span> <span class='ocrx_word' id='word_1_291' title='bbox 1163 3707 1250 3773; x_wconf 66' lang='lat' dir='ltr'><strong>meur]</strong></span> <span class='ocrx_word' id='word_1_292' title='bbox 1269 3701 1348 3768; x_wconf 81' lang='lat' dir='ltr'><strong>Apud</strong></span> <span class='ocrx_word' id='word_1_293' title='bbox 1370 3703 1438 3753; x_wconf 84' lang='lat' dir='ltr'><strong>snti-</strong></span> 
     </span>
     <span class='ocr_line' id='line_1_38' title="bbox 344 3761 1439 3841; baseline 0.002 -20"><span class='ocrx_word' id='word_1_294' title='bbox 344 3788 410 3840; x_wconf 90' lang='lat' dir='ltr'><strong>qnos</strong></span> <span class='ocrx_word' id='word_1_295' title='bbox 430 3774 503 3823; x_wconf 84' lang='lat' dir='ltr'><strong>iocur</strong></span> <span class='ocrx_word' id='word_1_296' title='bbox 522 3776 634 3825; x_wconf 90' lang='lat' dir='ltr'><strong>omnium</strong></span> <span class='ocrx_word' id='word_1_297' title='bbox 656 3776 823 3841; x_wconf 83' lang='lat' dir='ltr'><strong>cupiditatum</strong></span> <span class='ocrx_word' id='word_1_298' title='bbox 842 3775 918 3827; x_wconf 83' lang='lat' dir='ltr'><strong>sedes</strong></span> <span class='ocrx_word' id='word_1_299' title='bbox 937 3783 991 3839; x_wconf 89' lang='lat' dir='ltr'><strong>est,</strong></span> <span class='ocrx_word' id='word_1_300' title='bbox 1014 3778 1091 3828; x_wconf 89' lang='lat' dir='ltr'><strong>etiam</strong></span> <span class='ocrx_word' id='word_1_301' title='bbox 1109 3776 1212 3827; x_wconf 86' lang='lat' dir='ltr'><strong>umoris.</strong></span> <span class='ocrx_word' id='word_1_302' title='bbox 1249 3770 1334 3840; x_wconf 87' lang='lat' dir='ltr'><strong>Epist.</strong></span> <span class='ocrx_word' id='word_1_303' title='bbox 1348 3761 1380 3837; x_wconf 79' lang='grc' dir='ltr'><strong>Ῑ,</strong></span> <span class='ocrx_word' id='word_1_304' title='bbox 1400 3771 1439 3834; x_wconf 88' lang='grc'><strong>18,</strong></span> 
     </span>
     <span class='ocr_line' id='line_1_39' title="bbox 345 3845 1440 3918; baseline 0 -24"><span class='ocrx_word' id='word_1_305' title='bbox 345 3845 388 3894; x_wconf 77' lang='lat'><strong>72.</strong></span> <span class='ocrx_word' id='word_1_306' title='bbox 412 3873 446 3887; x_wconf 88' lang='lat'><strong>-·</strong></span> <span class='ocrx_word' id='word_1_307' title='bbox 467 3845 581 3918; x_wconf 78' lang='lat' dir='ltr'><strong>torrere}</strong></span> <span class='ocrx_word' id='word_1_308' title='bbox 602 3847 761 3912; x_wconf 85' lang='lat' dir='ltr'><strong>Suspensum</strong></span> <span class='ocrx_word' id='word_1_309' title='bbox 783 3847 833 3897; x_wconf 86' lang='lat' dir='ltr'><strong>lroc</strong></span> <span class='ocrx_word' id='word_1_310' title='bbox 851 3846 959 3898; x_wconf 88' lang='lat' dir='ltr'><strong>verbum</strong></span> <span class='ocrx_word' id='word_1_311' title='bbox 978 3855 1019 3898; x_wconf 86' lang='lat' dir='ltr'><strong>est</strong></span> <span class='ocrx_word' id='word_1_312' title='bbox 1040 3856 1117 3898; x_wconf 81' lang='lat' dir='ltr'><strong>etex</strong></span> <span class='ocrx_word' id='word_1_313' title='bbox 1138 3845 1217 3897; x_wconf 87' lang='lat' dir='ltr'><strong>verbo</strong></span> <span class='ocrx_word' id='word_1_314' title='bbox 1236 3846 1342 3911; x_wconf 75' lang='lat' dir='ltr'><strong>poneris</strong></span> <span class='ocrx_word' id='word_1_315' title='bbox 1363 3853 1392 3895; x_wconf 90' lang='lat' dir='ltr'><strong>et</strong></span> <span class='ocrx_word' id='word_1_316' title='bbox 1408 3857 1440 3893; x_wconf 77' lang='lat' dir='ltr'><strong>ex</strong></span> 
     </span>
     <span class='ocr_line' id='line_1_40' title="bbox 342 3913 1438 3986; baseline 0 -22"><span class='ocrx_word' id='word_1_317' title='bbox 342 3913 395 3964; x_wconf 86' lang='lat' dir='ltr'><strong>udi.</strong></span> <span class='ocrx_word' id='word_1_318' title='bbox 413 3914 551 3967; x_wconf 57' lang='lat' dir='ltr'><strong>mancum.-</strong></span> <span class='ocrx_word' id='word_1_319' title='bbox 572 3917 593 3967; x_wconf 88' lang='lat' dir='ltr'><strong>si</strong></span> <span class='ocrx_word' id='word_1_320' title='bbox 612 3919 715 3983; x_wconf 88' lang='lat' dir='ltr'><strong>quaeris</strong></span> <span class='ocrx_word' id='word_1_321' title='bbox 734 3925 833 3968; x_wconf 88' lang='lat' dir='ltr'><strong>torrere</strong></span> <span class='ocrx_word' id='word_1_322' title='bbox 846 3919 926 3982; x_wconf 88' lang='lat' dir='ltr'><strong>iecur,</strong></span> <span class='ocrx_word' id='word_1_323' title='bbox 945 3916 1014 3986; x_wconf 87' lang='lat' dir='ltr'><strong>quod</strong></span> <span class='ocrx_word' id='word_1_324' title='bbox 1032 3917 1154 3969; x_wconf 87' lang='lat' dir='ltr'><strong>idoneum</strong></span> <span class='ocrx_word' id='word_1_325' title='bbox 1172 3919 1207 3968; x_wconf 86' lang='lat' dir='ltr'><strong>nit</strong></span> <span class='ocrx_word' id='word_1_326' title='bbox 1224 3914 1257 3966; x_wconf 88' lang='lat' dir='ltr'><strong>ad</strong></span> <span class='ocrx_word' id='word_1_327' title='bbox 1277 3914 1438 3966; x_wconf 81' lang='lat' dir='ltr'><strong>torrendum.</strong></span> 
     </span>
    </p>
   </div>
   <div class='ocr_carea' id='block_1_9' title="bbox 341 4002 1445 4575">
    <p class='ocr_par' dir='ltr' id='par_1_9' title="bbox 341 4002 1445 4575">
     <span class='ocr_line' id='line_1_41' title="bbox 414 4002 1439 4074; baseline -0.002 -20"><span class='ocrx_word' id='word_1_328' title='bbox 414 4003 444 4054; x_wconf 82' lang='lat' dir='ltr'><strong>V.</strong></span> <span class='ocrx_word' id='word_1_329' title='bbox 467 4002 508 4052; x_wconf 89' lang='grc'><strong>14.</strong></span> <span class='ocrx_word' id='word_1_330' title='bbox 545 4004 647 4074; x_wconf 77' lang='lat' dir='ltr'><strong>decens]</strong></span> <span class='ocrx_word' id='word_1_331' title='bbox 676 4005 823 4068; x_wconf 78' lang='lat' dir='ltr'><strong>formosus,</strong></span> <span class='ocrx_word' id='word_1_332' title='bbox 843 4014 873 4057; x_wconf 87' lang='lat' dir='ltr'><strong>ut</strong></span> <span class='ocrx_word' id='word_1_333' title='bbox 889 4005 936 4069; x_wconf 93' lang='lat' dir='ltr'><strong>lll,</strong></span> <span class='ocrx_word' id='word_1_334' title='bbox 953 4007 998 4069; x_wconf 76' lang='grc'><strong>27,</strong></span> <span class='ocrx_word' id='word_1_335' title='bbox 1016 4006 1060 4058; x_wconf 85' lang='grc'><strong>53.</strong></span> <span class='ocrx_word' id='word_1_336' title='bbox 1096 4005 1137 4059; x_wconf 72' lang='lat' dir='ltr'><strong>Ad</strong></span> <span class='ocrx_word' id='word_1_337' title='bbox 1156 4019 1187 4055; x_wconf 86' lang='lat' dir='ltr'><strong>ea</strong></span> <span class='ocrx_word' id='word_1_338' title='bbox 1205 4018 1275 4072; x_wconf 88' lang='lat' dir='ltr'><strong>quau</strong></span> <span class='ocrx_word' id='word_1_339' title='bbox 1291 4010 1439 4071; x_wconf 84' lang='lat' dir='ltr'><strong>sequuntur</strong></span> 
     </span>
     <span class='ocr_line' id='line_1_42' title="bbox 342 4068 1439 4198; baseline 0.002 -73"><span class='ocrx_word' id='word_1_340' title='bbox 342 4074 568 4195; x_wconf 51' lang='lat' dir='ltr'><strong>Bppdpttrlpfflfiutp,</strong></span> <span class='ocrx_word' id='word_1_341' title='bbox 591 4074 624 4165; x_wconf 60' lang='grc' dir='ltr'><strong>ΙΙζ</strong></span> <span class='ocrx_word' id='word_1_342' title='bbox 631 4074 755 4197; x_wconf 40' lang='lat' dir='ltr'><strong>l13131(</strong></span> <span class='ocrx_word' id='word_1_343' title='bbox 774 4085 875 4196; x_wconf 73' lang='lat' dir='ltr'><strong>carptum</strong></span> <span class='ocrx_word' id='word_1_344' title='bbox 882 4078 997 4198; x_wconf 48' lang='lat' dir='ltr'><strong>fartum]</strong></span> <span class='ocrx_word' id='word_1_345' title='bbox 1018 4074 1126 4127; x_wconf 72' lang='grc'><strong>01010.</strong></span> <span class='ocrx_word' id='word_1_346' title='bbox 1145 4074 1223 4127; x_wconf 82' lang='lat' dir='ltr'><strong>Rosc.</strong></span> <span class='ocrx_word' id='word_1_347' title='bbox 1241 4076 1291 4126; x_wconf 72' lang='lat' dir='ltr'><strong>A·</strong></span> <span class='ocrx_word' id='word_1_348' title='bbox 1318 4068 1439 4196; x_wconf 44' lang='grc'><strong>401111..</strong></span> 
     </span>
     <span class='ocr_line' id='line_1_43' title="bbox 342 4160 1439 4286; baseline 0.002 -23"><span class='ocrx_word' id='word_1_349' title='bbox 342 4182 461 4264; x_wconf 57' lang='lat' dir='ltr'><strong>mi..</strong></span> <span class='ocrx_word' id='word_1_350' title='bbox 478 4161 589 4265; x_wconf 65' lang='grc'><strong>..1111</strong></span> <span class='ocrx_word' id='word_1_351' title='bbox 607 4160 676 4286; x_wconf 67' lang='lat' dir='ltr'><strong>a,</strong></span> <span class='ocrx_word' id='word_1_352' title='bbox 694 4161 765 4268; x_wconf 60' lang='lat' dir='ltr'><strong>tri?</strong></span> <span class='ocrx_word' id='word_1_353' title='bbox 780 4161 1096 4282; x_wconf 54' lang='grc'><strong>1111111111</strong></span> <span class='ocrx_word' id='word_1_354' title='bbox 1110 4160 1334 4283; x_wconf 57' lang='grc' dir='ltr'><strong>13011113ᾤῖ</strong></span> <span class='ocrx_word' id='word_1_355' title='bbox 1354 4160 1439 4285; x_wconf 61' lang='lat' dir='ltr'><strong>iti...</strong></span> 
     </span>
     <span class='ocr_line' id='line_1_44' title="bbox 341 4283 1444 4358; baseline 0.002 -23"><span class='ocrx_word' id='word_1_356' title='bbox 341 4283 498 4351; x_wconf 87' lang='lat' dir='ltr'><strong>docunque,</strong></span> <span class='ocrx_word' id='word_1_357' title='bbox 520 4295 547 4335; x_wconf 91' lang='lat' dir='ltr'><strong>ut</strong></span> <span class='ocrx_word' id='word_1_358' title='bbox 567 4285 650 4339; x_wconf 81' lang='lat' dir='ltr'><strong>Oarm.</strong></span> <span class='ocrx_word' id='word_1_359' title='bbox 668 4287 716 4351; x_wconf 80' lang='lat' dir='ltr'><strong>tt,</strong></span> <span class='ocrx_word' id='word_1_360' title='bbox 730 4288 756 4351; x_wconf 81' lang='lat'><strong>2,</strong></span> <span class='ocrx_word' id='word_1_361' title='bbox 772 4287 816 4338; x_wconf 87' lang='grc'><strong>34.</strong></span> <span class='ocrx_word' id='word_1_362' title='bbox 840 4290 872 4340; x_wconf 82' lang='grc' dir='ltr'><strong>Λ.</strong></span> <span class='ocrx_word' id='word_1_363' title='bbox 891 4288 918 4341; x_wconf 81' lang='grc' dir='ltr'><strong>Ρ.</strong></span> <span class='ocrx_word' id='word_1_364' title='bbox 938 4288 1000 4341; x_wconf 83' lang='grc'><strong>359.</strong></span> <span class='ocrx_word' id='word_1_365' title='bbox 1032 4320 1067 4332; x_wconf 91' lang='lat'><em>-</em></span> <span class='ocrx_word' id='word_1_366' title='bbox 1100 4288 1195 4358; x_wconf 80' lang='lat' dir='ltr'><strong>Lurpi]</strong></span> <span class='ocrx_word' id='word_1_367' title='bbox 1216 4290 1245 4339; x_wconf 89' lang='lat' dir='ltr'><strong>lu</strong></span> <span class='ocrx_word' id='word_1_368' title='bbox 1264 4289 1325 4339; x_wconf 81' lang='lat' dir='ltr'><strong>eliis</strong></span> <span class='ocrx_word' id='word_1_369' title='bbox 1343 4287 1444 4355; x_wconf 74' lang='lat' dir='ltr'><strong>turpis,-</strong></span> 
     </span>
     <span class='ocr_line' id='line_1_45' title="bbox 341 4355 1445 4427; baseline 0.005 -23"><span class='ocrx_word' id='word_1_370' title='bbox 341 4366 432 4405; x_wconf 86' lang='lat' dir='ltr'><strong>verum</strong></span> <span class='ocrx_word' id='word_1_371' title='bbox 451 4357 546 4406; x_wconf 86' lang='lat' dir='ltr'><strong>rectius</strong></span> <span class='ocrx_word' id='word_1_372' title='bbox 567 4355 655 4423; x_wconf 79' lang='lat' dir='ltr'><strong>largus</strong></span> <span class='ocrx_word' id='word_1_373' title='bbox 674 4356 784 4408; x_wconf 85' lang='lat' dir='ltr'><strong>babetur</strong></span> <span class='ocrx_word' id='word_1_374' title='bbox 800 4357 933 4424; x_wconf 84' lang='lat' dir='ltr'><strong>aemulus,</strong></span> <span class='ocrx_word' id='word_1_375' title='bbox 950 4361 1049 4426; x_wconf 89' lang='lat' dir='ltr'><strong>quippe</strong></span> <span class='ocrx_word' id='word_1_376' title='bbox 1066 4362 1110 4427; x_wconf 89' lang='lat' dir='ltr'><strong>qui</strong></span> <span class='ocrx_word' id='word_1_377' title='bbox 1129 4359 1289 4411; x_wconf 78' lang='lat' dir='ltr'><strong>liberalitate</strong></span> <span class='ocrx_word' id='word_1_378' title='bbox 1307 4358 1445 4427; x_wconf 78' lang='lat' dir='ltr'><strong>sospital-</strong></span> 
     </span>
     <span class='ocr_line' id='line_1_46' title="bbox 341 4423 1443 4483; baseline 0.007 -8"><span class='ocrx_word' id='word_1_379' title='bbox 341 4423 424 4476; x_wconf 88' lang='lat' dir='ltr'><strong>larum</strong></span> <span class='ocrx_word' id='word_1_380' title='bbox 440 4427 539 4477; x_wconf 87' lang='lat' dir='ltr'><strong>animos</strong></span> <span class='ocrx_word' id='word_1_381' title='bbox 560 4426 666 4478; x_wconf 84' lang='lat' dir='ltr'><strong>llcctere</strong></span> <span class='ocrx_word' id='word_1_382' title='bbox 684 4428 794 4480; x_wconf 87' lang='lat' dir='ltr'><strong>studeat.</strong></span> <span class='ocrx_word' id='word_1_383' title='bbox 831 4430 874 4482; x_wconf 90' lang='lat' dir='ltr'><strong>Sic</strong></span> <span class='ocrx_word' id='word_1_384' title='bbox 899 4438 1009 4481; x_wconf 83' lang='lat' dir='ltr'><strong>venuste</strong></span> <span class='ocrx_word' id='word_1_385' title='bbox 1036 4438 1128 4480; x_wconf 86' lang='lat' dir='ltr'><strong>contra</strong></span> <span class='ocrx_word' id='word_1_386' title='bbox 1154 4429 1229 4482; x_wconf 84' lang='lat' dir='ltr'><strong>Pauli</strong></span> <span class='ocrx_word' id='word_1_387' title='bbox 1251 4431 1348 4483; x_wconf 81' lang='lat' dir='ltr'><strong>multas</strong></span> <span class='ocrx_word' id='word_1_388' title='bbox 1375 4439 1443 4483; x_wconf 82' lang='lat' dir='ltr'><strong>artes</strong></span> 
     </span>
     <span class='ocr_line' id='line_1_47' title="bbox 341 4495 1445 4575; baseline 0.009 -31"><span class='ocrx_word' id='word_1_389' title='bbox 341 4509 392 4545; x_wconf 90' lang='lat' dir='ltr'><strong>una</strong></span> <span class='ocrx_word' id='word_1_390' title='bbox 411 4495 507 4547; x_wconf 86' lang='lat' dir='ltr'><strong>aemuli</strong></span> <span class='ocrx_word' id='word_1_391' title='bbox 531 4496 677 4549; x_wconf 80' lang='lat' dir='ltr'><strong>diuitiarum</strong></span> <span class='ocrx_word' id='word_1_392' title='bbox 703 4502 780 4566; x_wconf 86' lang='lat' dir='ltr'><strong>copia</strong></span> <span class='ocrx_word' id='word_1_393' title='bbox 809 4502 920 4566; x_wconf 84' lang='lat' dir='ltr'><strong>ponitur.</strong></span> <span class='ocrx_word' id='word_1_394' title='bbox 959 4529 995 4542; x_wconf 90' lang='lat'>-</span> <span class='ocrx_word' id='word_1_395' title='bbox 1027 4498 1158 4575; x_wconf 75' lang='lat' dir='ltr'><strong>Albanorl</strong></span> <span class='ocrx_word' id='word_1_396' title='bbox 1179 4500 1287 4555; x_wconf 78' lang='lat' dir='ltr'><strong>Praeter</strong></span> <span class='ocrx_word' id='word_1_397' title='bbox 1312 4501 1445 4554; x_wconf 76' lang='lat' dir='ltr'><strong>Albanum</strong></span> 
     </span>
    </p>
   </div>
   <div class='ocr_carea' id='block_1_10' title="bbox 0 0 1587 5042">
    <p class='ocr_par' dir='ltr' id='par_1_10' title="bbox 0 0 1587 5042">
     <span class='ocr_line' id='line_1_48' title="bbox 0 0 1587 5042; baseline 0 0"><span class='ocrx_word' id='word_1_398' title='bbox 0 0 1587 5042; x_wconf 95' lang='lat' dir='ltr'><strong> </strong></span> 
     </span>
    </p>
   </div>
  </div>
 </body>
</html>
