3117 5042
296 432 339 503 ,48
710 422 985 490 calaminum

380 607 506 671 ronna
528 604 634 671 umbra
652 609 712 673 tui.
756 609 876 672 Teucer
895 608 1055 673 Salamina
1075 614 1255 697 patremque

465 715 540 779 Cum
564 718 816 798 ingerentium
841 717 900 778 uda
924 719 1028 795 Lyaeo

385 824 540 904 Tempora
560 824 693 906 populea
712 827 813 887 femur
836 825 972 886 vinxisse
995 841 1111 885 corona

466 931 520 995 Sic
539 932 643 997 tristes
666 932 777 997 udatus
797 932 930 995 amieos:

333 1054 362 1100 aa
385 1041 451 1115 Quo
474 1057 530 1105 uos
550 1057 667 1119 cunque
685 1040 765 1100 leret
787 1040 896 1101 melior
917 1040 1040 1100 fortuna
1062 1043 1192 1118 parente

465 1145 593 1224 ibimus,
613 1167 632 1207 o
652 1147 728 1209 socii
750 1149 952 1228 comitesquet

385 1252 434 1317 Nil
457 1253 680 1334 desperandum
700 1255 822 1317 Teucro
844 1247 920 1315 dirce
943 1261 974 1315 et
994 1250 1117 1333 auspice
1138 1251 1278 1323 'l'eucro;

466 1359 576 1426 Certus
597 1362 675 1424 caim
699 1340 991 1444 promisit'dpollm

384 1466 567 1549 Ambiguum
591 1470 704 1531 tellure
725 1456 806 1531 nova
826 1468 988 1532 Salamina
1012 1468 1155 1529 futuram.

334 1594 364 1637 to
469 1578 494 1637 0
516 1576 613 1639 fortes
634 1578 799 1659 peioraque
819 1576 903 1658 passi

383 1684 501 1747 Mecum
522 1701 615 1765 saepe
637 1685 713 1760 viri,
735 1704 815 1748 nunc
835 1684 907 1746 rino
929 1682 1035 1763 pellite
1054 1694 1162 1744 ouras:

468 1792 547 1856 Cras
567 1792 676 1874 iungens
698 1793 875 1857 iterabimus
898 1807 1022 1873 aequor.
1098 1844 1099 1847 ,

753 1938 942 1953 -ωο-ῤ-

699 2109 887 2183 Carmen
920 2109 1013 2180 vlll..

385 2275 507 2354 Lydia,
528 2276 595 2356 dic,
619 2292 680 2360 per
698 2296 803 2338 omnes

469 2388 516 2449 Te
538 2385 612 2447 deos
632 2403 707 2467 oro,
728 2385 863 2462 Sybarin
885 2402 941 2446 cur
961 2398 1110 2465 properes
1130 2377 1262 2441 amando

301 2551 328 2599 in
346 2563 423 2600 versu
441 2553 581 2617 occuparit
599 2551 726 2672 §raritate
742 2551 820 2599 etiam
838 2552 980 2614 augetur),
1014 2547 1125 2597 loturum
1150 2553 1251 2609 tetuinus
1282 2540 1402 2592 liutratio

616 2638 630 2671 e

304 2619 367 2688 quid
388 2618 533 2673 laciendum
551 2624 586 2673 ait
632 2623 699 2672 niter
719 2620 819 2677 suadet.
837 2650 870 2663 -
897 2619 1000 2687 Teucer]
1019 2617 1142 2668 'l'elaruon
1160 2617 1234 2666 Aiaci
1255 2622 1281 2663 ct
1297 2611 1402 2662 Teucro

304 2690 364 2739 iuliis
383 2689 415 2740 ad
433 2691 570 2742 Troianum
589 2691 685 2743 bellum
715 2688 941 2756 proficiscentibus
961 2704 1018 2739 eam
1038 2688 1160 2754 imposuit
1177 2685 1273 2751 legem,
1291 2690 1319 2732 ut
1331 2681 1403 2732 alter

302 2759 411 2810 alterum
441 2770 566 2813 tutaretur
586 2777 653 2813 nere
673 2761 739 2813 altor
759 2762 817 2812 aine
835 2759 917 2810 altero
936 2759 1039 2810 rediret.
1084 2759 1227 2809 ninneton
1254 2756 1279 2804 iu
1308 2762 1401 2805 certa-

302 2831 372 2879 mine
391 2829 424 2881 de
446 2833 524 2883 armis
546 2831 655 2883 Achillis
675 2828 743 2883 Ulixi
764 2839 835 2883 esset
852 2829 1023 2896 posthabitus,
1044 2844 1146 2879 orantum
1165 2827 1214 2878 sibi
1226 2821 1400 2891 ipseiutulit;

303 2915 382 2967 quare
402 2899 501 2954 Teucer
522 2902 602 2954 redux
621 2919 636 2953 a
656 2910 729 2969 patre
748 2917 800 2952 non
820 2909 861 2952 est
878 2909 1010 2967 acceptus.
1061 2903 1117 2963 Quo
1136 2898 1206 2947 lacto
1228 2898 1249 2946 ia
1267 2894 1403 2945 Salamine

304 2968 389 3024 insula
411 2972 503 3024 relicta
521 2972 632 3038 Cyprum
651 2972 784 3038 proiectus
809 2970 916 3021 alteram
934 2970 969 3020 ibi
987 2968 1075 3020 orbona
1096 2970 1194 3035 patriae
1213 2965 1401 3031 cognominem

303 3041 425 3092 coudidit.
453 3075 487 3085 -
521 3043 617 3113 Lyaeo]
638 3043 761 3105 bacello,
778 3044 848 3092 vinco.
886 3040 960 3104 Quod
977 3056 1071 3091 nonten
1090 3056 1136 3092 eur
1155 3041 1180 3089 in
1201 3038 1250 3087 hac
1267 3036 1401 3085 surttentia

302 3113 462 3178 aptissimum
480 3115 563 3163 visum
582 3116 623 3173 sit,
645 3113 723 3171 facile
740 3112 908 3179 intelligetur.
927 3144 962 3152 -
977 3112 1040 3180 udo}
1063 3117 1123 3162 sunt
1141 3108 1242 3169 calida,
1262 3104 1400 3177 exhilara-

303 3191 337 3231 ta.
359 3206 392 3221 -h
419 3183 540 3252 populea]
563 3183 677 3250 Populus
697 3182 802 3237 Herculi
827 3198 900 3233 attera
921 3191 968 3232 cst
1005 3182 1053 3244 Qui
1073 3183 1164 3231 itinera
1183 3177 1332 3240 faciebant,
1351 3192 1402 3227 sa-

305 3249 455 3302 crificabant
474 3255 512 3305 rii
532 3254 653 3320 tjyuoo'rt
669 3256 812 3321 Ἡρακλεῖ.
849 3253 914 3302 Xen.
934 3255 984 3304 An.
1003 3252 1047 3315 vl,
1068 3251 1095 3313 3,
1115 3253 1158 3304 25.
1254 3292 1260 3299 .

372 3321 402 3369 V·
424 3321 467 3373 2⁷.
490 3274 587 3373 dener-d
604 3324 678 3393 duce]
700 3322 729 3374 ln
751 3324 801 3374 luoc
822 3325 925 3373 nomine
947 3322 986 3373 itis
1005 3324 1030 3372 in
1051 3321 1144 3372 illustri
1162 3336 1254 3371 versus
1273 3319 1332 3369 loco
1346 3336 1402 3387 po-

304 3391 358 3442 sito'
375 3390 466 3442 eodem
485 3394 614 3458 ontpbasis
633 3402 674 3444 cst
692 3393 724 3444 de
742 3410 793 3460 qna
811 3408 889 3459 stupra
907 3393 938 3442 atl
958 3408 982 3443 ι’.
994 3393 1029 3444 tu
1047 3392 1150 3445 dictum.
1188 3390 1308 3440 Ceterum
1331 3391 1403 3441 baec

304 3477 337 3511 ex
356 3477 404 3512 usu
423 3462 539 3514 Romano
557 3464 588 3514 ad
609 3463 733 3515 Graccum
756 3465 885 3514 bominem
906 3462 1028 3513 translata
1047 3471 1114 3513 surrt.
1166 3459 1231 3511 llam
1250 3477 1307 3510 cunr
1328 3460 1403 3527 opud

303 3531 403 3582 Livium
424 3533 465 3597 Vl,
488 3536 528 3596 12,
552 3532 569 3584 6
590 3537 628 3585 sic
647 3532 780 3601 legumus:
812 3532 928 3596 „Camilli
951 3533 1027 3583 ductu
1052 3542 1129 3600 atque
1154 3532 1272 3596 auspicio
1294 3534 1404 3583 accisae

304 3618 346 3653 rea
366 3612 452 3653 erant“
474 3603 567 3654 etalio
586 3605 720 3667 eiusmodi,
738 3604 800 3672 quid
821 3612 861 3653 est
880 3603 948 3669 quod
968 3613 1070 3669 poetam
1089 3618 1122 3654 ue
1143 3610 1291 3652 cortorulum
1303 3618 1403 3659 nomen

298 3688 352 3741 ‘pro
371 3672 500 3724 abstracto
520 3674 630 3741 poneret
648 3677 761 3741 potuerit
779 3672 940 3741 prohibere?
970 3672 1061 3741 Neque
1074 3672 1122 3722 soli
1137 3672 1287 3723 sacerdotes
1306 3674 1404 3740 auspi-

305 3761 347 3793 ces
365 3753 438 3806 sunt3
458 3745 491 3796 cl.
514 3745 597 3796 Carum
619 3745 664 3807 ΙΙΙ,
683 3746 726 3808 27,
737 3747 763 3808 8,
785 3755 811 3794 et
830 3743 897 3809 opud
919 3743 1037 3795 Ovidium
1056 3743 1123 3794 Fast.
1141 3742 1162 3803 Ι,
1181 3742 1216 3795 26
1236 3740 1269 3792 do
1290 3743 1406 3793 Germa-

302 3815 377 3864 uico:
395 3817 518 3882 „auspice
537 3824 585 3867 te“.
606 3849 638 3859 -
654 3818 795 3884 peioraque
815 3817 897 3883 parsi]
926 3814 959 3863 el.
978 3814 1032 3866 Cic.
1049 3814 1123 3865 Tuae.
1142 3815 1172 3875 v,
1192 3814 1236 3873 31,
1256 3813 1298 3863 ubi
1320 3813 1403 3865 buius

303 3882 393 3936 'leucri
412 3889 486 3937 vocis
506 3888 602 3937 montio
622 3886 657 3935 fit.
672 3917 703 3928 -
722 3887 884 3953 Ambiguum]
903 3892 931 3934 ut
949 3884 1040 3952 fabro,
1060 3880 1193 3936 simulator
1210 3885 1278 3950 apttd
1307 3885 1404 3951 l'irgi-

303 3950 366 4004 lium
383 3957 449 4007 Aen.
469 3956 515 4022 ΙΙΙ,
534 3958 595 4010 302.
613 3956 674 4008 349.

732 4049 882 4101 Carmen
901 4048 970 4099 lllll.

375 4138 521 4210 castigatur
537 4146 639 4195 iuvenls
656 4144 806 4210 Romanus,
825 4142 893 4210 quod
913 4140 1010 4207 Lydiae
1027 4157 1115 4193 amore
1137 4148 1163 4193 et
1181 4140 1316 4193 illecebris
1338 4151 1404 4195 tan.

303 4217 395 4275 topere
415 4227 444 4261 aa
469 4214 562 4264 irretiri
581 4230 672 4280 paraus
696 4222 744 4276 est,
766 4221 794 4263 ut
810 4211 1073 4279 neglectisomnibus
1094 4213 1208 4279 ingenuo
1228 4212 1406 4267 adolescente

303 4278 389 4346 dignis
406 4280 502 4333 artibus
523 4292 549 4333 ot
566 4283 794 4335 exercitationibus
812 4285 860 4334 iam
881 4281 960 4333 lateat
979 4285 1047 4333 iuter
1067 4281 1233 4333 mulierculas
1255 4284 1313 4349 ipse
1333 4286 1407 4336 elie·

302 4351 414 4401 minatus
436 4366 467 4401 ac
484 4352 578 4404 mollis.
616 4356 697 4417 Quam
716 4370 769 4404 rem
789 4354 928 4403 artificiose
946 4355 983 4403 ita
1001 4354 1111 4402 instituit
1130 4353 1269 4418 Horatius,
1297 4362 1325 4404 ut
1347 4370 1406 4408 uon

301 4422 388 4486 iprum
405 4423 525 4473 iuvenem
546 4431 677 4490 tangeret,
699 4425 746 4477 sed
765 4425 893 4473 continuis
912 4422 1159 4490 interrogationibus
1178 4426 1206 4473 iu
1225 4422 1334 4489 Lydiam
1354 4427 1403 4477 lu·

301 4489 454 4557 ueheretur5
479 4501 560 4547 totum
577 4495 645 4549 euim
661 4509 765 4545 carmen
788 4492 971 4560 interrogando
989 4493 1132 4546 coniicitur.
