3117 5042
441 341 531 407 bib
555 344 578 407 Ι.
622 341 730 407 stt.
753 345 808 409 ΙΧ.
828 348 869 409 Χ.

191 521 378 592 mamm
397 528 500 604 parat
520 540 648 603 mres,
670 522 733 589 loc
752 520 862 588 lemae
884 520 962 603 ille,

195 633 344 717 Estque
364 634 418 697 vir
436 631 574 712 melier,
595 630 689 713 tomo
710 624 867 696 subtilior
890 629 969 709 ilio,

155 736 987 829 sommuittoepaeretlortaetfuptbuoudts

191 847 420 929 Boeiortmas,
441 854 478 912 at
499 853 590 925 esset
608 865 701 930 opera
720 845 892 930 (μήλοπα
913 848 1025 929 poetis

188 953 346 1041 Antiquae
367 961 483 1038 posset
503 961 621 1019 contro
639 952 784 1036 fastidia
796 956 952 1026 morbus

188 1061 488 1129 Gmmmcticorrm
498 1066 640 1147 madiam
651 1062 874 1128 doctissimas·
897 1058 943 1127 lit
951 1058 1084 1141 redeant
1097 1055 1191 1124 illac.

192 1206 310 1317 Nempe
330 1232 531 1317 incomposito
552 1235 619 1299 dixi
641 1235 719 1318 pede
739 1252 866 1298 currere
890 1251 998 1297 versus

188 1343 305 1406 Lucili:
326 1344 394 1425 quis
415 1350 479 1420 ,mm
501 1342 599 1406 Lucili
621 1345 726 1407 fautor
747 1342 852 1425 inepte
870 1347 940 1422 est,

189 1451 230 1513 tit
250 1469 311 1513 non
334 1450 392 1513 boc
410 1453 568 1515 fateaturt
612 1451 654 1514 st
675 1450 773 1532 idern,
798 1449 879 1535 quod
899 1451 967 1516 sale
986 1450 1098 1529 multo,

187 1557 300 1621 ortem
314 1541 468 1638 remoto,
486 1558 595 1623 uam
615 1559 759 1623 tauram
779 1560 896 1625 emen.

154 1682 168 1724 s
193 1665 258 1728 Nec
269 1671 372 1729 tamen
384 1666 442 1728 boc
454 1666 592 1731 tribuens
613 1656 749 1735 dederint
770 1686 893 1768 quoque
910 1672 1036 1744 cetera3
1057 1682 1129 1729 narn
1151 1662 1209 1729 sic,

190 1772 231 1836 itt
252 1771 367 1836 baberi
387 1773 494 1837 mimos
514 1781 549 1838 ut
568 1774 699 1857 puicbra
718 1782 862 1857 poemata
883 1774 987 1865 mirer·

103 1948 228 2000 cupasse,
246 1935 289 1985 cui
306 1937 376 2003 vires
394 1952 454 1991 suas
472 1935 596 1992 suiiicere
614 1938 748 1993 sensisset
785 1937 815 1989 ld
835 1952 919 2006 genus
929 1937 1061 1989 satiricum
1076 1949 1152 1998 csse;
1168 1934 1196 1985 ia

103 2020 155 2073 quo
177 2006 202 2056 si
223 2005 387 2071 elaboraret,
415 2005 488 2059 nolle
510 2023 539 2059 se
559 2007 592 2060 de
609 2007 702 2060 Lucilii
720 2008 792 2060 veris
809 2007 929 2060 laudibus
946 2005 1086 2076 quidquam
1106 2004 1196 2057 detra·

101 2076 164 2127 bere
197 2081 236 2146 (v.
255 2075 312 2144 50).
359 2076 466 2146 iniquos
485 2079 565 2145 igitur
581 2094 641 2130 esse
665 2081 709 2149 qui
726 2081 830 2147 ipsum,
855 2077 925 2147 quod
942 2093 1010 2147 quae
1026 2075 1197 2143 vituperanda

99 2154 191 2197 essem
211 2148 239 2208 ip
258 2146 358 2198 Lucilio
377 2150 558 2218 vituperasset,
576 2150 814 2215 reprehenderent;
833 2163 868 2201 ne
885 2164 998 2202 summos
1008 2148 1111 2216 quidem
1129 2163 1196 2215 poe·

100 2226 139 2268 tas
158 2233 247 2285 aequo
266 2232 298 2282 ac
318 2233 381 2270 vero
408 2220 506 2271 iudicio
524 2235 584 2273 sese
607 2219 703 2272 debere
720 2219 873 2272 subtrahere
880 2259 890 2286 ,
919 2221 1067 2286 iustumque
1089 2233 1149 2270 esse
1167 2219 1195 2270 in

101 2287 205 2338 Lucilio
224 2304 328 2356 qnoque
349 2305 416 2358 quae
435 2305 574 2357 pravorum
600 2305 721 2343 versuum
739 2290 871 2359 duraeque
888 2291 988 2342 formae
1005 2289 1099 2341 fuisset
1115 2303 1197 2359 cause

101 2374 233 2425 quaerere
251 2364 290 2428 (v.
306 2360 364 2427 64).
400 2362 481 2413 immo
496 2372 563 2429 tero
581 2375 633 2412 non
652 2377 711 2414 esse
729 2361 844 2426 dubium,
864 2363 927 2428 quin
944 2362 1002 2427 ipse
1019 2359 1155 2422 Lucilius,
1173 2359 1197 2412 si

101 2438 163 2480 tunc
183 2431 261 2482 etiam
278 2431 389 2494 viveret,
406 2432 486 2483 muita
505 2433 655 2498 corrigeret,
673 2432 753 2485 muita
770 2432 877 2499 politius
898 2431 1007 2495 limaret,
1024 2428 1196 2482 redundantia

102 2499 262 2552 detraheret.
296 2496 355 2553 Non
376 2501 472 2555 debere
490 2511 593 2569 poetam
611 2503 706 2555 oiieodi
724 2502 801 2554 limae
822 2501 911 2554 labore
929 2510 956 2553 et
973 2516 1047 2552 mora
1063 2501 1110 2571 (ci.
1121 2501 1155 2557 Α,
1167 2499 1195 2552 Ρ.

103 2571 241 2639 290sq.),
259 2572 321 2625 lima
340 2576 466 2639 poematis
485 2574 677 2625 diuturnitatem
696 2574 779 2642 parari
800 2580 826 2624 et
838 2586 958 2639 verorum
970 2571 1083 2622 iudicum
1101 2585 1196 2623 assen-

100 2658 157 2692 snm
184 2650 211 2692 et
232 2642 451 2710 approbationem.
487 2644 574 2711 Atque
593 2659 637 2701 eos
659 2646 702 2712 qui
722 2652 793 2696 recte
803 2652 910 2712 possent
922 2643 1036 2694 iudicare
1050 2641 1121 2693 soios
1136 2656 1197 2693 esse

100 2712 294 2777 respiciendos,
312 2713 427 2782 reiiquos
446 2717 503 2766 iure
520 2713 703 2783 negligendos.
728 2715 771 2769 Sic
790 2730 849 2767 sese
870 2715 919 2766 sibi
933 2714 1110 2781 persuasisse;
1129 2727 1197 2780 qua·

100 2791 212 2850 propter
231 2783 295 2837 nibil
318 2799 347 2836 se
365 2784 551 2837 malevolorum
578 2794 605 2836 et
631 2787 807 2853 imperitorum
831 2786 962 2837 bominum
979 2784 1077 2835 iudicio
1096 2783 1197 2835 moueri

100 2856 165 2904 satis
185 2862 334 2906 contentum
354 2871 384 2907 ac
404 2853 508 2908 beatum
524 2855 714 2923 „approbatione
732 2857 858 2909 bonorum
872 2852 1196 2923 poetarumprndentium-

100 2940 152 2991 que
173 2925 267 2985 artium
288 2941 319 2976 ac
339 2925 480 2980 litterarum
497 2928 708 2979 existimatorum.
728 2958 759 2968 -
779 2927 1017 2995 liacigitursatira,
1052 2924 1198 2992 namquasi

102 2995 236 3063 quandam
255 2996 387 3065 custodem
405 3005 431 3050 et
441 2998 562 3049 comitem
577 2999 623 3047 toti
635 2997 701 3049 libro
712 2997 815 3049 edendo
832 2997 938 3062 addidit,
958 2942 1059 3048 liberali
1073 3010 1104 3045 ac
1116 2994 1195 3061 plena

99 3068 205 3117 ratione
224 3082 252 3117 se
273 3070 432 3135 comparavit
449 3081 510 3123 cum
525 3067 640 3133 Lucilio,
672 3068 748 3137 qu'cm
765 3077 886 3141 tanqpam
905 3069 994 3135 inique
1012 3066 1153 3119 iudicatum
1169 3072 1198 3119 ei

100 3135 184 3204 longe
201 3152 233 3188 sc
249 3139 372 3190 maiorem
391 3139 424 3190 ab
441 3139 529 3192 invido
548 3138 658 3208 quodam
677 3154 774 3208 genere
791 3139 922 3191 bominum
941 3138 991 3191 sibi
1001 3138 1098 3205 opponi
1115 3151 1196 3203 saepe

99 3207 235 3259 audiebat.
263 3240 289 3250 -
334 3209 398 3261 Octo
416 3226 506 3261 versus
523 3210 550 3260 in
566 3211 652 3263 fronte
671 3212 791 3263 carminis
811 3210 940 3262 inclinatis
959 3210 1053 3261 litteris
1077 3207 1196 3276 expressi

98 3280 196 3399 merlipo
215 3277 247 3329 ab
265 3279 370 3332 Horatio
392 3281 531 3333 abiudicati
554 3290 622 3334 sunt.
669 3281 707 3335 Ne
734 3291 794 3334 sunt
820 3282 924 3351 quidem
950 3281 978 3333 in
1007 3279 1126 3333 omnibus
1145 3292 1195 3331 co-

100 3351 152 3401 dici
175 3365 217 3400 ns.
392 3400 397 3410 ,
419 3404 421 3409 ,
1160 3382 1163 3389 ·

175 3454 210 3502 v.
234 3453 257 3501 i.
278 3458 378 3522 nempe]
399 3452 459 3505 vide
476 3453 578 3520 Zumpt.
599 3470 637 3521 gr.
658 3454 701 3505 iat.
714 3458 748 3519 .§.
768 3455 829 3509 278.
842 3456 903 3508 345.
930 3456 1045 3507 imitatus
1063 3452 1196 3503 lioratium

101 3518 212 3575 Persius
230 3531 269 3573 est
288 3524 340 3575 Sat.
360 3523 407 3587 ΙΙΙ,
427 3527 458 3574 1:
477 3523 597 3592 ,Nempe
614 3525 664 3575 boc
682 3526 828 3587 assidue“;
848 3535 958 3595 uterque
974 3532 1052 3593 poeta
1071 3522 1196 3573 lectorem

100 3595 174 3661 rapit
193 3596 220 3647 in
236 3592 335 3645 medias
354 3610 404 3646 res.
438 3626 474 3639 -
510 3596 577 3665 dias]
596 3595 649 3648 Sat.
669 3595 691 3658 Ι,
710 3593 736 3661 4,
756 3597 780 3648 t.
801 3596 827 3648 8.
864 3626 896 3638 -
930 3595 1109 3663 incomposito]
1129 3590 1196 3643 rudi.

98 3666 175 3732 Virg.
195 3663 290 3732 Georg,
310 3665 332 3728 l,
350 3665 413 3717 350.
452 3665 558 3729 Quintil.
577 3664 609 3729 ΙΙ,
630 3668 653 3728 1,
667 3665 718 3719 662
744 3666 836 3733 ,rudis
854 3668 880 3717 in
898 3660 1030 3733 plerisque
1049 3671 1076 3714 et
1095 3665 1197 3714 incom-

100 3737 238 3802 positus‘t,
252 3764 286 3776 -
312 3735 368 3786 soie
385 3734 476 3806 multo]
501 3735 595 3787 Catuli.
614 3735 659 3799 86,
677 3736 712 3788 42
736 3735 824 3802 ,nulia
840 3745 980 3799 venustas,
1006 3733 1083 3786 Nulla
1100 3735 1128 3784 in
1144 3740 1196 3784 taur

100 3820 203 3874 magm
223 3812 263 3856 est
280 3819 390 3872 corpore
410 3807 476 3857 mica
494 3807 582 3859 salis.“
617 3807 672 3859 Cic.
692 3807 763 3859 Brut
784 3808 832 3859 34:
863 3807 905 3872 „P.
925 3807 1012 3873 Scipio
1032 3819 1122 3855 omues
1140 3803 1196 3856 saie

100 3874 262 3943 facetiisque
278 3876 443 3944 superabam
478 3877 515 3928 id.
534 3878 658 3942 inscii,
678 3878 719 3943 19,
737 3880 781 3931 55.
820 3876 854 3928 ci.
875 3875 1011 3943 Epist-ll,
1029 3876 1056 3939 2,
1076 3873 1120 3928 60.
1156 3873 1196 3925 lie

99 3946 205 3999 Lucilio
225 3947 291 3997 baec
321 3948 444 4016 leguntur
460 3948 529 4016 apud
546 3948 730 4012 Quintilianum
751 3950 781 4011 X,
802 3948 826 4011 i,
846 3947 899 4002 94:
930 3947 1143 4016 „Egoquantum
1163 3943 1197 3995 ab

99 4018 157 4071 illis
177 4026 274 4069 tantum
294 4018 327 4068 ab
346 4019 454 4070 lioratio
468 4019 609 4083 dissentio,
628 4021 672 4088 qui
691 4018 820 4071 Lucilium
836 4022 916 4088 pluere
933 4017 1084 4070 lutulentam
1100 4025 1127 4068 et
1142 4032 1197 4068 esse

98 4089 206 4155 aliquid
224 4089 291 4155 quod
308 4091 398 4141 toliere
416 4091 499 4158 possis
518 4098 591 4157 putat
608 4092 672 4155 (Sat.
693 4089 713 4155 1,
731 4089 757 4151 t,
778 4091 833 4158 11).
868 4089 933 4141 Nam
952 4098 979 4141 et
998 4088 1108 4140 eruditio
1126 4088 1197 4138 ineo

97 4162 167 4211 min
187 4167 214 4210 et
233 4159 339 4211 libertas
360 4168 438 4228 atque
458 4160 517 4212 inde
535 4161 662 4212 acerbitas
684 4171 709 4212 et
727 4161 830 4212 abunde
849 4159 919 4211 salis.
955 4159 1087 4213 lduitoest
1103 4158 1197 4209 tersior

97 4234 357 4370 :titi‘stti
373 4233 544 4357 ”illi'sil
564 4233 595 4354 id
607 4232 994 4356 l⁰iii¹⁰³clii¹³ll¹¹¹l¹¹⁰ii⁸
1016 4229 1197 4352 itit?

96 4374 145 4425 35.
167 4373 228 4426 161·
247 4341 322 4425 270.'
345 4339 375 4425 Ι.
396 4347 423 4424 P.
442 4342 504 4426 31⁰0.
533 4405 565 4416 -
583 4341 719 4442 'tebrtmp
739 4373 846 4425 verbum
865 4340 962 4425 lloc'in
980 4317 1197 4439 displuttontlrul

96 4443 358 4512 frequentissimum,
377 4452 407 4496 ut
427 4443 482 4498 Cic.
502 4444 567 4499 lusc
594 4445 741 4509 t,11‚25.
777 4444 839 4497 Hor.
857 4444 940 4513 Epist.
961 4443 995 4509 li,
1018 4448 1043 4509 1,
1067 4442 1128 4495 125.
1161 4470 1197 4486 ·-
