3117 5042
473 634 585 698 luitusi
606 604 759 714 uunquam
780 628 942 695 desbtaut.
983 629 1104 694 Sardus
1127 629 1263 694 babebat

390 458 455 518 aas
701 426 705 435 ’
782 444 1093 511 sarrataun

1512 566 1513 621 l

1512 628 1513 679 l

1476 750 1492 769 ·

475 742 533 806 llle
554 742 710 822 'ligellius
734 741 802 805 noc.
840 729 1176 820 cteaeqnieigere
1196 744 1316 819 possem

441 851 510 916 esi
532 858 650 933 peteret
673 867 730 931 pet·
752 834 918 913 amicitiai
938 848 1039 929 patris
1060 854 1153 930 alque
1172 866 1279 924 uam,
1299 867 1356 910 auu

475 954 645 1042 Quidquam
669 959 850 1039 proficerem
875 958 908 1020 si·
924 956 1130 1032 collibuisset,
1153 956 1194 1020 ab
1214 975 1273 1017 oro

462 1069 576 1150 ,Usque
595 1066 635 1130 ad
655 1067 739 1128 maia
759 1062 887 1141 citaret'
900 1066 933 1127 lo
957 1064 1096 1128 Bacche!
1111 1050 1209 1127 'modo
1230 1080 1344 1127 sumna

474 1177 566 1254 Voce,
588 1174 678 1239 suedo
698 1174 758 1238 bac
776 1180 904 1236 resonat
925 1190 1004 1254 quae
1020 1172 1149 1235 chordis
1171 1179 1315 1253 mmor
1333 1172 1396 1235 ina.

474 1284 526 1347 Nil
549 1283 680 1365 aequale
703 1281 819 1345 bomini
839 1281 898 1343 tuit
919 1282 992 1344 illi:
1013 1298 1107 1362 saepe
1128 1282 1213 1342 velut
1230 1280 1284 1362 'qui

425 1410 454 1453 ro
475 1390 628 1455 euertat
649 1390 773 1472 fugiens
795 1389 932 1468 Mem,
953 1406 1104 1477 persaepe
1127 1390 1212 1451 velut
1231 1388 1284 1470 qui

471 1500 596 1565 lunonis
617 1517 709 1565 sacra
727 1500 845 1574 ferret3
867 1492 1002 1561 babebat
1021 1514 1115 1579 saepe
1137 1497 1296 1573 ducentos,

473 1608 577 1691 Saepe
594 1609 701 1671 decern
721 1626 852 1684 servos3
873 1607 964 1670 note
985 1625 1078 1688 reges
1099 1610 1194 1689 utque
1210 1603 1401 1679 ,tetrarcham

476 1717 586 1779 (lmuia
601 1694 1029 1798 raagua'loquens,.uedo:⁴
1045 1714 1095 1779 Sit
1110 1714 1185 1777 ur'rlri
1205 1731 1314 1775 mensu
1331 1712 1417 1793 tripes
1435 1718 1459 1769 et

472 1823 598 1888 Concha
617 1826 696 1888 sutis
720 1826 789 1905 puri
813 1831 845 1885 et
864 1829 962 1903 tege}
978 1841 1057 1905 quae
1078 1822 1244 1885 defendere
1265 1821 1366 1903 frigus

422 1950 450 1993 rs
470 1934 617 2009 Quamvis
638 1951 745 1996 crassa
766 1938 868 2014 queat.
903 1933 1020 1995 ‘llecies
1039 1930 1169 1994 centena
1189 1931 1346 1993 dedisses·

393 2113 606 2182 perversitatibus
627 2129 680 2164 non
702 2129 800 2181 paucos
820 2113 870 2165 sibi
888 2113 1049 2165 adversarios
1070 2113 1210 2165 excitasset
1229 2120 1327 2180 poeta,
1345 2110 1463 2163 urente

392 2202 438 2237 ecs
456 2185 559 2254 quidem
578 2183 717 2251 malignum
735 2202 794 2236 eum
813 2200 873 2236 esse
898 2182 1040 2239 hominem
1057 2187 1101 2252 qui
1118 2199 1152 2236 ne
1170 2183 1203 2235 ab
1221 2186 1363 2234 amicornm
1380 2177 1463 2250 quidun

389 2258 477 2325 parvis
498 2259 568 2308 vitiis
589 2258 742 2309 abstinuerit
762 2258 959 2324 blaecenatique
978 2256 1087 2307 illudere
1117 2271 1195 2319 auum
1215 2258 1257 2307 sit.
1303 2254 1388 2318 Quare
1412 2261 1464 2301 nunt

391 2327 504 2381 ostendit
528 2325 619 2396 qualos
640 2326 757 2378 homines
776 2343 836 2379 esse
852 2328 971 2391 soleant,
999 2329 1043 2395 qui
1062 2343 1108 2378 sua
1129 2329 1192 2378 vitia
1211 2342 1262 2379 non
1283 2326 1398 2379 ridentes
1414 2320 1464 2373 ulios

390 2398 504 2466 maligne
533 2401 697 2465 vituperent,
729 2399 844 2467 quidque
863 2396 1018 2449 discriminis
1033 2399 1146 2463 ⁸intersit
1171 2399 1239 2448 inter
1258 2397 1386 2449 sinceram
1406 2394 1466 2444 chau

393 2472 537 2539 amicorum
554 2470 785 2537 reprehensionem
804 2472 1043 2537 correctionemque
1065 2478 1092 2520 ot
1111 2467 1251 2537 malignum
1273 2468 1402 2520 leuissima
1418 2465 1466 2515 vitia

393 2540 507 2610 augendi
525 2538 702 2609 eilerend'ique
721 2541 841 2593 studium.
879 2541 936 2604 Quo
954 2541 1063 2591 consilio
1084 2538 1176 2591 ducnrs
1187 2541 1332 2592 Stoicorum
1350 2538 1421 2589 nimis
1433 2549 1466 2585 se-

392 2629 481 2665 veram
491 2611 663 2678 disciplinam,
682 2614 828 2678 quaomnia
841 2620 953 2678 peccata
965 2611 1084 2679 aequalia
1095 2627 1156 2661 esse
1173 2611 1362 2662 contenderunt
1378 2617 1414 2670 (r.
1424 2604 1467 2671 tt),

396 2684 516 2750 opposita
543 2682 730 2750 Epicureorum
759 2683 877 2734 doctrina
900 2683 933 2732 ab
952 2682 1055 2737 humani
1074 2680 1179 2749 generis
1198 2685 1300 2734 ratium
1319 2689 1347 2731 et
1364 2681 1414 2731 vita
1429 2690 1467 2727 nou

392 2757 476 2809 miuus
496 2752 607 2805 alienam
627 2761 654 2804 et
673 2763 797 2806 remotam
817 2769 876 2805 esre
893 2753 971 2805 docet
985 2769 1061 2821 quam
1075 2754 1164 2804 miram
1177 2753 1248 2804 illurn
1266 2750 1383 2804 eiusdem
1397 2757 1468 2801 secat

394 2825 428 2876 de
448 2823 566 2892 perlecto
584 2825 702 2891 sapiente
720 2827 884 2877 sententiam.
899 2824 904 2837 “
922 2825 992 2876 llaec
1012 2827 1090 2892 igitur
1109 2827 1186 2877 satira
1207 2840 1265 2875 cnm
1287 2825 1384 2889 scripta
1402 2823 1432 2871 sit
1444 2831 1469 2868 ne

394 2910 531 2964 perperam
554 2895 637 2947 ultera
655 2898 682 2946 in
704 2905 835 2962 posterum
857 2893 1063 2963 intelligeretur,
1092 2892 1124 2945 ab
1149 2896 1241 2947 eodem
1266 2893 1379 2962 Tigellio
1405 2889 1468 2944 Surio

394 2967 473 3034 paule
500 2975 559 3018 ante
577 2976 677 3018 mortue
703 2968 770 3018 hane
789 2980 893 3039 quoque
912 2968 1044 3019 inchoavit
1064 2967 1174 3033 eiusque
1191 2969 1270 3017 miros
1287 2981 1374 3018 mores
1390 2975 1469 3031 perpe-

395 3047 520 3104 tuamque
537 3037 643 3089 vivendi
662 3039 861 3089 inconstantiam
880 3036 968 3105 lepide
985 3036 1130 3103 descripsit,
1148 3045 1176 3088 ut
1193 3037 1226 3087 ab
1245 3035 1295 3088 hoc
1314 3035 1395 3087 semel
1414 3036 1470 3083 vitu·

396 3116 487 3176 perato
505 3107 537 3158 ad
560 3125 632 3159 suam
659 3125 713 3160 rem
733 3124 947 3177 communemque
967 3107 1097 3161 hominum
1118 3108 1249 3165 invidendi
1265 3108 1388 3175 aliosque
1405 3102 1469 3156 relli-

398 3177 473 3230 cundi
492 3174 705 3232 consuetudinem
723 3182 792 3231 vlam
811 3180 861 3230 sibi
878 3181 983 3231 satirice
1002 3181 1122 3241 muniret.

469 3284 503 3335 V.
525 3283 547 3332 l.
565 3288 684 3354 cantore]
704 3276 833 3356 utrimque
851 3285 948 3352 pendet
966 3293 992 3336 et
1010 3285 1042 3338 ah
1060 3285 1146 3337 induc.
1165 3283 1279 3337 animum
1298 3290 1326 3334 et
1346 3283 1378 3334 ab
1395 3279 1472 3349 repeti

399 3385 433 3397 --
455 3352 575 3420 lubebat]
592 3354 650 3406 Nou
672 3364 742 3407 recte
761 3371 794 3408 ex
806 3356 857 3407 hcc
875 3357 1028 3424 imperfecto
1046 3356 1163 3407 nonnulli
1184 3346 1378 3415 cunclusernut,
1397 3349 1472 3419 tigel-

399 3425 463 3476 lium
479 3426 531 3475 iam
551 3426 652 3495 pridem
670 3435 798 3482 mortuum
818 3427 908 3479 luisse.
945 3427 1019 3505 Quod
1040 3444 1116 3479 secus
1135 3434 1194 3489 ert3
1216 3441 1302 3495 neque
1323 3427 1392 3476 enin
1409 3420 1472 3491 quid·

402 3511 481 3564 quara¹
496 3498 553 3547 eius
570 3498 609 3554 rei
626 3497 653 3548 in
673 3498 826 3565 imperfecto
847 3508 963 3565 tempore
986 3500 1056 3553 inest
1079 3514 1166 3567 neque
1182 3506 1259 3565 poeta
1279 3495 1380 3563 pridem
1397 3491 1474 3546 nurui
1512 3496 1513 3505 ’

346 3560 355 3579 “
402 3569 508 3619 nomine
528 3575 555 3619 et
582 3569 696 3620 moribus
726 3572 818 3621 sicuti
837 3573 936 3636 poerit,
976 3570 1016 3625 Ad
1040 3570 1309 3640 significationemqv.
1329 3566 1437 3618 habendi
1451 3560 1475 3612 ef·

403 3639 459 3691 (bc.
481 3638 546 3690 Phil.
568 3639 602 3705 ll,
619 3639 671 3691 32:
698 3640 830 3706 „Habebat
846 3641 897 3692 hoc
915 3643 1019 3699 omnino
1038 3641 1166 3702 Caesam
1195 3639 1385 3706 intelligebas
1402 3636 1474 3693 molit·
1512 3652 1513 3657 ’

405 3709 614 3779 consuetudinis3
633 3710 683 3764 boc
700 3713 791 3763 nriruru
803 3752 811 3777 ,
829 3712 969 3780 singrrlare.
1000 3742 1033 3755 -
1062 3716 1171 3782 peteret]
1191 3711 1252 3763 vide
1269 3710 1371 3777 Zumpt
1390 3724 1426 3776 gr.
1442 3707 1476 3756 ltl

406 3783 434 3845 8.
453 3781 506 3835 525
524 3782 591 3833 med.
615 3814 648 3825 -
678 3783 710 3834 ab
729 3787 788 3853 oco]
808 3782 907 3849 „Ovum
923 3784 1023 3835 initium
1043 3798 1143 3835 coenae
1163 3791 1233 3846 erut,
1258 3784 1357 3850 quippe
1376 3777 1475 3849 qacdit

368 3898 370 3905 .
407 3854 555 3921 gustatione
578 3854 662 3905 rtatim
682 3869 697 3904 a
715 3852 999 3927 balneisch'erebutur3
1015 3870 1092 3921 poma
1114 3869 1177 3905 vero
1195 3870 1253 3905 uum
1270 3852 1387 3903 bellaris
1404 3854 1428 3901 iu
1442 3862 1476 3898 se·

408 3925 498 3977 cundia
517 3926 613 3977 mensis
632 3932 728 3975 erant.“
748 3925 828 3977 schol
854 3956 888 3967 -
917 3927 945 3977 lc
963 3927 1077 3999 Bacche]
1098 3924 1263 3997 significatur
1280 3924 1410 3976 mutilena
1425 3934 1477 3970 coa·

407 3995 511 4058 vivalis,
528 3997 601 4046 cuius
622 3996 731 4047 lortasse
749 3996 872 4063 strophae
889 3998 981 4053 iterato
1000 3997 1049 4048 hcc
1063 4014 1137 4048 versu
1149 3995 1334 4047 claudebantur
1352 3992 1476 4065 (neseio).

409 4065 540 4117 Posterior
558 4065 658 4133 syllaba
679 4082 703 4118 v.
722 4068 826 4120 Bocche
844 4071 870 4119 in
888 4069 938 4119 arsi
959 4068 1115 4135 producitur.
1129 4101 1155 4110 -
1176 4068 1250 4118 ruodo
1260 4071 1370 4137 samma]
1390 4058 1478 4129 ,viget
1512 4074 1513 4079 ’

409 4135 460 4187 lius
477 4137 554 4188 medo
570 4138 690 4189 utebatur
707 4154 740 4189 eu
758 4152 834 4203 voce,
851 4154 918 4208 qnae
937 4156 1035 4191 summa
1048 4139 1143 4190 chorda
1157 4138 1323 4199 tetrachordi,
1340 4139 1377 4208 τῇ
1393 4132 1478 4199 enarr,

409 4216 514 4259 mscnat
530 4209 547 4257 i.
567 4224 590 4260 e.
610 4211 761 4277 gravissima
782 4214 813 4283 τῇ
830 4211 989 4285 inquiries„-
1005 4211 1094 4262 'modo
1117 4226 1147 4261 ea
1173 4224 1241 4278 quae
1260 4206 1434 4269 unachorda,
1454 4202 1479 4268 ri
1512 4200 1513 4233 ¹

408 4279 490 4352 νήτῃ,
519 4279 662 4348 eademque
680 4281 847 4347 acutissima,
873 4282 1039 4353 τῇόξυιᾰτη
1060 4289 1188 4333 mecum*
1207 4283 1314 4333 Gesner.
1336 4310 1369 4321 -
1392 4272 1481 4331 imos

408 4349 581 4471 reem
664 4351 751 4475 tlt
775 4335 1481 4487 ev⁰rserviemurrerem
1512 4438 1513 4447 ψ

409 4505 492 4556 quens
509 4492 645 4542 amicitiam
664 4461 735 4543 surim
751 4463 814 4546 'cum
832 4494 937 4562 regibus
959 4428 1111 4562 nogrbsq'ue
1133 4496 1193 4547 viria
1212 4494 1332 4553 iactabat,
1349 4492 1427 4553 modo
1443 4487 1482 4539 tui-
1512 4470 1513 4527 Ὗ

409 4561 478 4610 nima
499 4561 577 4613 etiarn
597 4562 647 4613 sibi
668 4564 790 4616 sullicere
803 4564 950 4617 'dictitabat
964 4598 992 4609 -
1013 4567 1097 4620 decies
1115 4571 1234 4637 centeno]
1255 4581 1292 4617 sc.
1312 4564 1384 4617 milia
1398 4568 1483 4613 resur·
1512 4596 1513 4643 q
