3117 5042
446 1409 489 1484 Q.
520 1405 693 1471 nomn
731 1407 875 1475 vtacct

235 1635 1090 1735 oraminum

469 1939 610 2006 mutt-
641 1943 852 2009 TERTIUS.

597 2166 726 2180 ...ή-

458 2435 460 2440 ,
526 2365 719 2442 Carmen
745 2373 776 2445 1.

304 2533 364 2598 'tldl
383 2503 545 2616 profanum
565 2536 681 2618 vulgus
703 2543 736 2599 ct
754 2553 864 2614 arcem

307 2640 578 2729 Favetelinguis:
601 2645 740 2708 carmina
762 2662 825 2708 non
847 2644 933 2727 prius

552 2822 700 2876 Carmen
723 2824 745 2877 1.
778 2807 781 2813 ¹

175 2913 255 2968 Prima
274 2916 385 2984 stropha
404 2916 481 2969 huius
499 2921 619 2971 carminis
636 2920 731 2971 scriem
745 2918 874 2988 quandam
892 2933 939 2974 sax
953 2919 1094 2974 carminum
1110 2922 1202 2987 aperit,

122 2983 204 3049 quibus
221 2998 300 3054 poeta
319 2988 381 3056 quid
399 2988 432 3040 de
449 2990 482 3042 iis
500 2990 588 3054 rebus,
609 3004 677 3057 quaa
698 3004 762 3041 suae
780 2991 872 3040 aetatis
892 2989 993 3041 civibus
1010 2989 1116 3054 divitiis,
1133 2990 1203 3041 moi-

122 3049 176 3120 litie,
194 3053 315 3124 luxuria,
334 3059 461 3112 bellorum
478 3059 594 3112 civilium
616 3060 802 3128 depravatione
820 3062 948 3128 corruptis
965 3062 1076 3112 maxime
1092 3057 1202 3128 videan-

121 3129 155 3175 tur
170 3130 325 3194 conducere,
343 3132 497 3198 cogitaverit
515 3146 548 3182 ac
565 3133 669 3197 sentiat,
687 3131 791 3183 sublimi
809 3132 910 3183 ratione
931 3134 1066 3200 praecipit.
1102 3132 1201 3196 Quibus

121 3195 186 3249 relus
205 3217 261 3256 eum
278 3200 346 3252 nihil
365 3204 448 3272 possit
467 3218 527 3254 esso
545 3204 666 3269 gravius,
685 3202 846 3258 sacerdotem
864 3218 894 3254 se
913 3219 973 3254 esse
992 3201 1202 3268 dicitilusarum,

121 3270 157 3331 qvi
173 3286 243 3323 sacra
262 3281 406 3340 praecepta
424 3282 502 3324 canat
519 3275 689 3342 remotisque
708 3273 828 3327 omnibus
845 3275 961 3340 profanis
978 3276 1091 3344 vilisque
1108 3276 1201 3327 mentis

119 3334 250 3396 luminibus
270 3358 374 3396 sacrum
392 3345 442 3394 sibi
459 3343 567 3411 colligat
586 3353 752 3411 conventum,
768 3361 847 3412 mem
866 3348 964 3413 apertis
982 3346 1088 3398 auribus
1105 3355 1130 3398 et
1142 3347 1202 3398 ani-

118 3410 158 3459 uis
174 3411 251 3466 bonas
269 3415 403 3466 doctrinas
417 3424 589 3482 accepturum
611 3425 706 3482 speret
756 3415 917 3467 consensum
938 3425 1023 3468 autem
1047 3426 1074 3468 et
1090 3418 1200 3468 audien·

119 3479 170 3531 ihm
186 3485 253 3550 apud
270 3488 597 3553 iuventutemspraecipuo
613 3488 731 3537 iuvenire
758 3487 808 3538 sibi
836 3487 957 3549 videtur3
987 3489 1108 3538 iuventus
1130 3489 1200 3538 enim

118 3557 141 3599 ct
156 3562 236 3618 potest
253 3557 351 3623 corrigi
370 3556 491 3622 etdebet,
509 3557 636 3625 siquidem
653 3572 685 3607 ex
702 3564 772 3607 tanta
790 3571 889 3610 morum
907 3558 1053 3623 corruptela
1070 3558 1200 3607 omnium-

117 3634 162 3684 tlve
183 3640 265 3677 rerum
285 3626 472 3693 depravatione
491 3627 561 3680 salus
581 3635 669 3694 potest
686 3629 840 3692 exspectari.
876 3627 961 3684 Prima
978 3627 1024 3678 illa
1042 3627 1148 3693 stropha
1165 3626 1199 3678 oh

117 3689 233 3747 insolitam
251 3697 436 3763 sublimitatem
455 3714 627 3766 magnumque
645 3712 725 3765 quam
743 3699 840 3747 excitat
858 3697 891 3748 de
903 3698 1025 3749 canendis
1044 3697 1200 3749 carminibus

118 3776 180 3826 tpam
199 3782 250 3818 non
268 3775 357 3835 potest
375 3784 434 3820 esse
452 3771 530 3821 unius
550 3770 680 3832 carminis,
700 3782 786 3833 neque
806 3783 883 3817 unum
901 3784 931 3818 se
948 3768 1065 3819 daturum
1076 3769 1201 3833 promittit

120 3843 186 3895 poeta
203 3854 328 3902 carmen,
348 3838 394 3892 sad
413 3839 488 3907 plura
507 3841 627 3891 carmina
642 3853 695 3890 non
713 3841 785 3905 prins
806 3837 900 3888 audita.
938 3838 994 3889 lioc
1011 3847 1106 3889 autem¹
1118 3840 1200 3904 primo

118 3907 219 3959 carmine
247 3912 344 3961 seriem
369 3909 440 3961 iilam
468 3909 642 3961 doctrinarum
668 3909 773 3959 inchoat
792 3909 975 3976 propositade
993 3908 1153 3960 restituenda
1172 3910 1199 3960 in

116 3976 195 4029 animis
216 3979 348 4032 homiuum
369 3982 527 4032 coutinentia
544 3982 697 4032 necessitas.
733 3979 762 4030 ln
783 3980 832 4029 hac
857 3987 941 4042 terra,
971 3980 1054 4047 inquit
1071 3978 1200 4043 Horatius,

117 4049 191 4098 onnia
208 4054 286 4102 certis
307 4050 400 4102 linibus
427 4054 608 4114 continentur3
626 4051 745 4104 homines
757 4051 860 4117 quidem
875 4050 900 4100 id
910 4050 1013 4101 student
1033 4050 1149 4114 allicere,
1172 4059 1200 4101 ut

116 4112 172 4170 alter
183 4118 289 4172 alterum
299 4129 343 4172 aut
354 4121 452 4175 divitiis
466 4131 511 4174 aut
528 4122 611 4190 gioria
628 4130 673 4175 aut
690 4122 758 4172 fama
768 4130 812 4172 aut
825 4123 978 4171 auctoritate
987 4129 1110 4188 superet;
1129 4129 1198 4171 atta-

116 4197 166 4237 men
182 4206 213 4240 cx
231 4201 340 4261 utraque
357 4200 431 4262 parte
451 4195 590 4248 immutatis
608 4194 681 4260 quasi
700 4191 852 4260 quibusdam
875 4193 990 4242 terminis
1010 4194 1197 4259 circumscripti

116 4266 179 4318 suut3
197 4261 256 4313 irinc
270 4278 316 4315 eos
328 4273 432 4315 coercet
442 4263 616 4315 totiusmnndi
626 4265 785 4316 dominusne
795 4262 1074 4332 gubernatorluppiter
1087 4265 1198 4330 optimus

118 4329 239 4396 ptumus,
257 4333 331 4384 illino
350 4337 493 4387 communis
511 4334 630 4386 omnihus
647 4333 799 4385 mortalibus
818 4334 943 4385 moriendi
964 4351 1020 4386 sors
1034 4350 1126 4385 omues
1140 4332 1198 4383 col-

119 4392 174 4462 ligit
208 4402 259 4455 lam
278 4404 354 4470 vide,
374 4421 450 4473 quam
471 4408 579 4474 egregio
600 4403 757 4473 hos-quihus
776 4407 942 4457 continentur
962 4406 1094 4458 homiuum
1112 4403 1197 4454 studia

119 4469 229 4525 lominus
245 4476 274 4532 iu
292 4476 411 4529 versibus
431 4480 507 4529 etiam
527 4475 559 4528 ud
577 4485 713 4544 utrumque
732 4484 831 4543 partem
850 4486 928 4545 poeta
950 4476 1121 4529 collocaverit
1147 4474 1196 4543 (ci.
