3117 5042
312 386 374 449 158
725 380 992 447 crastiuum

551 561 620 625 lion
642 560 745 623 vultus
766 558 912 623 instantis
934 559 1058 637 tyranni

591 669 695 732 Mente
716 668 817 750 quatit
838 665 940 730 solida
961 684 1060 750 neque
1081 665 1211 748 Auster,

310 849 431 914 minibus,
449 862 545 916 magna
561 862 608 900 sua
626 847 742 899 facinora
761 855 873 914 patrare,
895 854 1025 899 aeternam
1041 846 1304 915 laudemsibiparare
1319 849 1408 900 mam-

311 935 363 988 que
382 921 414 972 ad
432 919 535 972 coelum
552 920 652 974 munire
670 927 817 986 potuerunt.
863 917 977 984 Quorum
996 917 1159 984 splendidum
1181 920 1330 987 exemplum
1348 921 1409 971 lio-

310 991 395 1043 mulus
415 999 470 1057 est,
488 992 532 1059 qui
549 1005 601 1058 qua
618 990 726 1041 eminuit
742 990 838 1040 virtute
854 988 976 1040 invidiam
995 988 1124 1040 etodium
1143 989 1303 1042 acerbissimi
1325 992 1409 1042 stiam

311 1063 451 1114 adversarii
470 1062 603 1130 superavit
619 1060 761 1128 urbemque
779 1060 886 1111 Romam
905 1060 1018 1111 condere
1035 1075 1067 1110 ac
1084 1060 1186 1112 firmare
1204 1063 1297 1127 potuit.
1337 1061 1409 1113 luno

312 1130 398 1196 euim,
416 1147 467 1183 non
487 1135 585 1183 temere
603 1139 744 1198 provocata
773 1130 819 1182 sed
848 1132 935 1181 nativa
954 1130 1125 1196 Romanorum
1144 1130 1308 1196 adversaria,
1335 1147 1409 1200 quae

311 1202 436 1271 quidquid
457 1201 591 1254 voluntate
608 1218 639 1253 ae
656 1207 784 1269 potestate
795 1204 880 1267 potuit
896 1200 1038 1252 efficerein
1048 1201 1185 1253 delendam
1201 1202 1290 1254 urbem
1302 1203 1410 1253 Troiam

312 1273 374 1324 olim
395 1272 558 1338 contulerat,
588 1286 656 1341 quaa
684 1287 742 1323 cum
769 1288 841 1323 suam
866 1274 1027 1326 maiestatem
1049 1273 1233 1341 Minervaeque
1258 1274 1410 1325 castitatem

311 1358 375 1411 prae
394 1342 495 1395 luxuria
514 1359 545 1395 ac
563 1341 672 1395 mollitie
692 1350 898 1409 contemptama
920 1343 1035 1396 Troianis
1055 1343 1164 1395 vidisset
1183 1352 1261 1396 totam
1271 1359 1332 1396 sese
1343 1346 1411 1396 stir-

312 1430 373 1483 pem
393 1430 541 1466 eversurum
557 1414 703 1476 iuraverat,
730 1422 817 1465 tumen
839 1412 942 1466 Romuli
963 1415 1059 1480 insigni
1077 1415 1172 1466 virtute
1191 1423 1318 1466 commota
1337 1431 1412 1482 quo-

312 1486 397 1536 minus
415 1487 483 1537 intcr
502 1486 566 1536 deos
583 1486 606 1536 is
627 1486 767 1551 recipiatur
785 1499 837 1535 non
859 1483 970 1551 amplius
988 1484 1045 1535 vult
1062 1484 1200 1552 probibere
1219 1501 1306 1554 neque
1322 1488 1412 1553 magis

314 1555 450 1622 impedire,
467 1570 518 1623 quo
537 1556 621 1607 minus
639 1555 805 1607 Troianorum
826 1556 923 1622 posteri
942 1570 975 1606 ox
993 1554 1058 1606 urbe
1078 1571 1125 1607 sua
1142 1555 1259 1619 ltaliam,
1278 1572 1312 1607 ex
1331 1556 1412 1608 ltalia

313 1634 392 1677 totam
411 1635 504 1677 terram
523 1625 677 1691 subiicient,
696 1624 833 1678 dummodo
856 1634 884 1676 ut
903 1626 1005 1693 imperii
1023 1641 1117 1692 parens
1134 1626 1259 1679 Romulus
1276 1643 1328 1695 quo
1346 1636 1412 1678 ten-

315 1697 378 1748 dere
396 1697 509 1748 debeant
526 1705 599 1748 rocta
616 1704 772 1764 pernoscant
789 1711 875 1764 neque
893 1696 1008 1763 pertidao
1025 1697 1117 1749 Troiae
1141 1706 1168 1748 et
1191 1698 1316 1749 maiomm
1339 1697 1412 1749 ialsa

312 1769 423 1835 vestigia
444 1775 591 1835 sequantur.
627 1768 698 1820 later
717 1767 823 1818 Romam
851 1774 877 1817 et
902 1768 1003 1818 Troiam
1027 1783 1097 1819 mare
1115 1770 1214 1820 saeviat
1232 1783 1343 1820 necesse
1358 1778 1412 1832 ost,

315 1839 390 1889 Troia
409 1846 437 1889 ut
454 1846 605 1889 renascatur
629 1853 759 1906 nunquam
787 1845 873 1905 potest
895 1838 1023 1901 concedi,
1051 1838 1073 1888 b.
1096 1855 1120 1890 e.
1149 1838 1293 1892 cavendum
1314 1847 1412 1891 estne

314 1909 395 1960 Roma
416 1908 560 1976 exemplum
578 1909 669 1960 Troiae
690 1917 827 1976 sequatur,
857 1924 890 1958 ne
916 1907 996 1960 Roma
1014 1908 1095 1959 altera
1117 1912 1191 1978 quasi
1213 1909 1306 1961 evadat
1324 1911 1414 1974 Troia,

314 1995 349 2031 ne
367 1980 474 2030 Romani
494 1982 565 2031 cives
584 1980 727 2030 divitiarum
746 1978 877 2030 blanditiis
897 1978 1002 2030 deleniti
1023 1979 1250 2048 voluptatibusque
1271 1982 1339 2048 eapti
1368 1981 1413 2032 di-

315 2051 400 2101 vinam
418 2053 577 2101 maiestatem
597 2058 623 2101 et
643 2052 795 2116 sapientiam
814 2057 945 2115 spernant.
981 2049 1112 2102 Audacter
1130 2059 1207 2118 poeta
1228 2052 1310 2117 ipsam
1325 2052 1413 2103 luno-

316 2137 374 2173 nem
393 2119 425 2171 ad
443 2121 506 2171 deos
522 2120 555 2171 de
575 2119 725 2188 recipiendo
745 2122 771 2171 in
791 2119 891 2171 coelum
911 2120 1021 2171 Romulo
1039 2120 1166 2173 dicentem
1187 2121 1262 2184 iecit,
1291 2121 1337 2172 sed
1357 2139 1414 2173 non

315 2192 406 2243 maiori
424 2191 531 2242 audacia
551 2207 626 2258 quam
647 2191 782 2242 felicitate.
819 2190 898 2241 Vides
916 2192 993 2255 enim,
1014 2201 1108 2258 quanta
1126 2200 1181 2243 arte
1196 2193 1339 2259 praemissa
1359 2208 1413 2259 ge-

315 2261 398 2314 nerali
419 2261 527 2330 quadam
556 2261 588 2313 de
618 2263 762 2313 constantia
785 2260 901 2312 doctrina
918 2261 979 2329 quid
997 2261 1059 2312 inda
1077 2262 1204 2315 commodi
1222 2263 1414 2315 redundaverit

317 2341 343 2384 et
363 2332 489 2384 redundet
517 2334 543 2383 in
563 2333 697 2399 iniperium
715 2332 889 2384 Romanorum
908 2332 982 2383 deam
1000 2332 1136 2385 docentem
1154 2332 1299 2396 induxerit3
1330 2350 1412 2401 quam

317 2405 425 2471 egregie
447 2419 478 2454 ea
496 2403 603 2454 deorum
621 2404 713 2454 concio
726 2403 832 2454 inventa
853 2405 903 2468 sit,
921 2418 973 2470 quo
992 2403 1102 2456 consilio
1121 2405 1243 2469 lunonis,
1269 2419 1321 2455 non
1339 2406 1412 2456 alius

318 2474 359 2525 dei
378 2475 522 2526 orationem
541 2472 666 2526 retulerit.
702 2472 772 2525 Nihil
792 2474 818 2525 in
836 2472 885 2524 hac
903 2475 1020 2526 oratione
1040 2476 1108 2526 ineat
1126 2474 1302 2543 depressionis
1316 2477 1413 2527 nescio

316 2547 389 2596 cuins
411 2547 546 2612 poeticae3
574 2543 636 2596 latet
654 2545 689 2595 ibi
707 2560 805 2596 summa
831 2546 967 2607 carminis,
997 2561 1072 2613 quam
1090 2561 1149 2597 cum
1175 2546 1280 2598 insolita
1296 2546 1413 2614 quadm

316 2616 397 2667 iorma
415 2615 626 2668 circumdedisset
643 2624 754 2667 venuste
773 2624 851 2682 poeta
869 2617 1003 2667 excusauit
1020 2615 1152 2667 clausulae
1160 2617 1237 2670 simul
1249 2618 1414 2684 aptissimam

316 2689 441 2737 rationem
468 2694 567 2738 nactus.
602 2685 759 2738 Admiranda
778 2688 854 2737 ctiam
876 2695 915 2736 est
931 2686 1070 2737 admodum
1091 2696 1165 2755 grata
1185 2689 1332 2750 urbanitas,
1360 2703 1414 2755 qua

318 2773 360 2808 vv.
383 2757 423 2807 11.
445 2757 478 2806 12
495 2757 627 2823 Augustus
646 2772 797 2823 magnorum
818 2759 944 2821 virorum,
963 2773 1070 2825 quorum
1091 2757 1370 2811 laboribusbecnritas
1389 2766 1417 2809 et

317 2828 396 2878 otium
415 2826 540 2878 bonorum
562 2827 693 2878 bominum
713 2825 745 2877 ab
765 2827 865 2878 insidiis
883 2837 910 2879 et
930 2827 996 2879 dolis
1019 2828 1142 2879 malornm
1171 2829 1301 2881 bominum
1322 2837 1349 2879 et
1370 2829 1415 2880 ie-

317 2914 401 2949 rarum
421 2897 560 2952 bestiarum
579 2898 710 2948 vindicata
727 2897 790 2948 olim
811 2913 870 2949 csse
890 2898 1031 2961 traduntur,
1049 2900 1167 2952 societati
1186 2899 1340 2951 adscribitur
1354 2915 1415 2950 eum

317 2969 481 3036 Romuloque
500 2977 662 3034 eomparatur
681 2970 755 3036 quasi
774 2968 840 3019 alter
858 2984 952 3035 parens
972 2971 1080 3035 imperiiv
1102 2970 1136 3020 ci.
1145 2969 1226 3035 Epist.
1248 2970 1281 3032 ll,
1293 2971 1416 3037 iâ€š5sqq.

318 3042 344 3093 st
362 3055 452 3091 verum
471 3046 511 3096 est
531 3040 600 3106 quod
614 3039 710 3102 dicunt,
728 3038 850 3090 babuisse
869 3039 930 3090 olim
951 3039 1045 3090 lulium
1063 3040 1200 3092 Caesarem
1219 3041 1288 3092 sedis
1310 3042 1415 3107 imperii

317 3110 418 3161 Troiam
436 3109 630 3160 transferendae
650 3108 796 3174 consilium,
815 3111 870 3161 lieri
890 3112 973 3176 potuit
989 3118 1016 3161 ut
1041 3111 1101 3162 inde
1116 3120 1193 3177 poeta
1212 3111 1278 3162 hauc
1291 3113 1418 3164 carminis

318 3180 426 3231 formam
444 3186 565 3231 sumeret.
587 3179 653 3242 Quia
671 3181 739 3230 enim
757 3182 839 3248 magis
858 3182 993 3248 imperium
1011 3181 1126 3247 perdere
1139 3181 1289 3248 potuisset?
1309 3183 1419 3234 Summa

320 3253 398 3317 igitur
419 3251 538 3299 carminis
546 3251 660 3301 cernitur
677 3252 703 3301 in
722 3249 798 3302 laude
817 3260 844 3302 et
863 3251 947 3318 gloria
965 3253 1203 3316 nominisliomani,
1223 3255 1416 3304 inconstantia

319 3331 440 3388 tanquam
460 3322 487 3370 in
505 3319 671 3371 fundamento
682 3323 775 3387 posita,
793 3338 839 3389 per
858 3338 983 3374 annorum
1001 3325 1095 3374 seriem
1112 3323 1230 3389 adaucta,
1247 3324 1280 3375 ab
1293 3326 1418 3391 Augusto

319 3392 351 3444 ad
370 3406 495 3444 summum
514 3390 644 3457 fastigium
665 3391 740 3442 elata.

390 3487 419 3538 V.
441 3488 464 3536 1.
502 3485 628 3559 maccam]
665 3484 729 3538 Cum
747 3500 825 3553 prosa
843 3486 926 3537 oratio
944 3493 1077 3552 pateretur
1098 3477 1237 3538 medonem
1255 3489 1417 3556 propositusÎ‡

320 3568 427 3620 tersere,
455 3557 540 3624 poetis
559 3566 630 3609 certe
648 3557 722 3608 licuit
739 3555 855 3608 eiusdcnr
877 3556 950 3608 uerbi
971 3557 1022 3608 alia
1043 3558 1125 3609 lomna
1143 3559 1170 3609 in
1189 3558 1279 3609 eadem
1302 3561 1416 3610 coniun-

321 3630 407 3680 ctione
426 3630 470 3693 uti,
490 3643 643 3695 quamquam
664 3629 707 3695 qui
728 3635 805 3678 tenax
820 3626 884 3678 alias
895 3626 1039 3694 appellatur
1049 3630 1208 3695 vituperatur
1223 3630 1329 3695 saepius
1338 3645 1417 3698 qnam

320 3699 446 3751 laudatur.
467 3699 499 3749 cl.
520 3700 589 3767 virg.
609 3700 675 3750 Aen.
697 3698 739 3762 tt,
752 3697 811 3749 188.
835 3696 909 3749 Ouid.
928 3699 988 3753 ldct.
1008 3697 1111 3760 11,104
1132 3708 1158 3751 et
1176 3701 1300 3766 imprimis
1312 3700 1415 3763 xmus.

320 3769 386 3835 Quid
405 3772 430 3820 in
451 3769 529 3821 simili
548 3785 576 3820 re
596 3769 692 3821 audere
711 3769 825 3834 potuerit
842 3776 928 3834 poeta,
946 3770 1060 3820 ostendit
1078 3771 1150 3821 locus
1169 3770 1252 3838 Epist.
1274 3769 1295 3833 l,
1319 3772 1362 3834 13,
1375 3772 1415 3821 11.

320 3871 355 3884 -
374 3842 464 3908 arctor]
492 3840 524 3891 de
541 3842 634 3907 quavis
654 3839 814 3907 cupiditateÍ¾
842 3839 955 3891 nobilius
974 3848 1045 3890 certe
1062 3840 1217 3892 vocabulum
1236 3855 1315 3908 quam
1336 3841 1416 3897 iuror.

321 3913 421 3965 Lucret.
436 3910 481 3974 ill,
503 3912 573 3962 252:
593 3912 672 3977 ,Sive
689 3909 810 3976 voluptas
829 3918 870 3960 est
885 3912 943 3961 sive
961 3917 1001 3961 est
1018 3913 1161 3962 contrarius
1181 3911 1282 3962 ardonÂ«
1315 3943 1349 3955 -
1375 3915 1416 3964 á¼Î½Î‡

321 3984 441 4050 beotiam]
461 3981 536 4033 lubet
553 3981 673 4048 populus,
692 3989 782 4031 censet
800 3988 914 4032 senatos.
951 3980 1083 4033 Notandus
1103 3991 1144 4032 est
1162 3980 1264 4034 additus
1283 3987 1417 4034 accusati-

322 4070 370 4104 vus
388 4053 492 4103 obiecti.
530 4052 564 4108 cl,
586 4054 638 4105 Sat.
660 4051 693 4114 ll,
715 4054 740 4116 3,
761 4051 817 4101 141.
838 4052 872 4113 ll,
890 4051 916 4115 5,
935 4051 976 4103 70.
1006 4051 1085 4119 Epist.
1109 4052 1142 4116 ll,
1161 4055 1187 4114 2,
1205 4051 1248 4104 63.
1273 4053 1416 4121 Setting.

322 4122 365 4186 84,
389 4126 410 4173 l.
435 4153 466 4167 -
486 4123 616 4192 instantis]
638 4123 686 4186 Qui
709 4123 741 4172 ab
761 4121 844 4172 altero
862 4138 992 4189 nunquam
1014 4124 1122 4186 recedit,
1142 4125 1199 4173 sive
1218 4131 1246 4174 ut
1263 4124 1325 4190 ipsa
1342 4124 1417 4176 alteri

322 4195 439 4245 iniuriam
460 4192 571 4257 aliquam
592 4192 634 4244 vel
655 4193 750 4244 malum
773 4192 888 4256 inierat,
907 4195 964 4244 sive
984 4192 1091 4245 alterum
1114 4194 1146 4244 ad
1164 4194 1293 4260 ingratum
1312 4194 1418 4262 aliquod

321 4280 387 4330 opus
408 4263 593 4329 praeficiendum
616 4272 701 4331 cogat,
719 4265 740 4314 is
758 4265 854 4314 instare
862 4263 936 4315 alteri
956 4264 1059 4328 dicitur,
1075 4273 1103 4315 ut
1118 4265 1170 4316 Sat
1185 4264 1241 4327 l,iâ€š
1257 4267 1316 4317 115.
1336 4267 1417 4332 Epist.

321 4336 341 4398 l,
355 4337 380 4398 2,
396 4336 438 4388 71.
458 4332 576 4386 absolute
595 4331 637 4384 lric
658 4335 762 4401 ponitur
777 4342 802 4383 et
821 4332 905 4385 Carm.
926 4334 1044 4397 11,1â€¹t,3.
1065 4365 1098 4375 â€”
1116 4344 1200 4385 mente
1219 4337 1300 4402 quatit
1321 4334 1416 4407 rottae}

319 4405 389 4455 llaec
409 4418 513 4472 quoque
535 4402 672 4454 verborum
696 4406 846 4455 coniunctio
870 4409 978 4471 poetica,
994 4414 1020 4456 et
1044 4406 1166 4457 audacior
1186 4414 1226 4456 est
1244 4421 1291 4471 pro
1310 4417 1419 4458 mest

318 4474 427 4526 solidam
445 4473 556 4525 ottcuim
576 4481 690 4540 quatere,
726 4474 848 4526 Ablativo
862 4484 953 4527 autem
970 4484 1049 4544 poeta
1066 4491 1124 4529 eam
1148 4478 1209 4530 ittsti
1224 4481 1252 4528 et
1273 4478 1416 4530 constantis
