3117 5042
731 402 1006 474 ciantium

465 615 495 659 ro
514 592 643 661 Altricis
665 599 758 658 extra
779 594 871 655 tineo
893 587 1025 673 Apuliae

559 702 645 767 liudo
671 701 896 783 fatigatumque
915 715 1023 761 somno

601 807 724 876 Prende
744 824 829 870 nora
843 823 977 888 'puerunt
997 801 1158 884 montes

418 1033 421 1040 Δ
516 967 659 1043 Texere,
682 959 793 1028 nisum
813 962 893 1045 quod
915 962 997 1024 iuret
1018 957 1182 1033 omnibns,

516 1076 694 1156 Quicunque
716 1072 820 1135 celsae
841 1070 944 1133 nidum
964 1067 1173 1131 Acherontiae

463 1199 493 1246 rs
556 1181 724 1263 Saltusque
744 1178 894 1244 Bantinos
917 1182 948 1239 et
968 1194 1077 1241 arrum

599 1289 719 1372 Pingue
735 1293 843 1352 tenent
864 1284 988 1350 tontis
1008 1281 1150 1361 romu,

516 1447 558 1512 nt
577 1452 645 1510 tntu
664 1445 705 1510 alt
725 1444 806 1509 atris
826 1459 958 1525 corpore
981 1438 1099 1525 viperis

516 1554 688 1620 Dormirern
710 1558 741 1615 et
762 1551 862 1629 ursis,
884 1555 918 1613 ut
939 1565 1097 1632 premerer
1117 1567 1211 1615 sam

564 1662 727 1744 unoque
747 1660 924 1750 nausiaque
943 1665 1065 1736 myrto,

467 1787 499 1834 ao
600 1767 670 1836 Non
686 1768 754 1833 siue
773 1767 823 1831 dis
843 1765 998 1832 onon
1017 1766 1130 1832 inians.

520 1928 652 2005 Vester,
676 1913 848 2003 Camenae,
869 1931 973 1988 vester
995 1923 1026 1987 in
1047 1922 1163 1988 arduos

516 2034 629 2100 'l'ollor
651 2033 807 2109 Selinos,
828 2051 883 2095 seu
903 2031 978 2095 nitri
998 2030 1146 2114 trigidum

559 2144 725 2207 Praeneste
744 2160 799 2204 seu
820 2140 918 2205 'l'iitur
936 2139 1077 2223 supinum

603 2249 668 2315 Seu
687 2249 824 2333 liquidae
845 2248 991 2332 placuere
1010 2246 1115 2324 Baiae.

469 2417 500 2465 as
518 2399 639 2465 Vestris
660 2398 789 2462 anticum
811 2396 946 2482 lontibus
967 2403 1000 2478 et
1020 2394 1125 2461 choris

518 2511 587 2575 Non
609 2526 657 2573 sne
677 2506 827 2600 Philippis
848 2524 941 2569 versa
962 2506 1047 2570 acies
1067 2510 1164 2584 retro,

559 2618 681 2682 Devots
701 2634 762 2678 non
785 2614 937 2679 exstinxit
958 2612 1076 2702 ardos,'

602 2727 667 2789 Nec
685 2722 794 2786 Sicula
813 2721 978 2788 Palinurus
998 2722 1091 2785 nuda.

320 2865 450 2940 iungenda
470 2877 530 2924 snut
546 2871 681 2940 seteksne
696 2869 844 2940 panno,
865 2870 964 2935 mirae,
989 2869 1165 2938 prodigiosae.
1202 2863 1359 2932 &egmnus
1381 2877 1425 2916 aa

320 2942 454 3010 salebrae
474 2951 501 2994 et
517 2960 626 3012 mmm
640 2941 783 3012 paluster.
801 2971 836 2986 -
865 2943 895 2992 a‘st
912 2940 1006 3013 Apate]
1030 2941 1122 2992 linitur
1138 2935 1252 3004 Apuliae
1269 2950 1345 2987 mons
1366 2942 1424 2986 erat

320 3030 398 3080 supra
414 3015 570 3076 Venusinmp
598 3022 671 3079 parte
695 3020 782 3064 tamen
809 3013 886 3064 etism
915 3011 942 3064 in
968 3010 1107 3063 Lucaniam
1125 3006 1305 3078 procumbat.
1349 3005 1423 3057 nisit

321 3086 400 3150 igitur
420 3086 493 3151 prasi
515 3086 542 3135 in
560 3084 658 3135 lloratii
677 3083 785 3148 verbis,
813 3098 847 3134 nc
871 3080 1022 3133 indiverso
1042 3081 1147 3150 quidem
1175 3086 1259 3130 metro
1285 3079 1424 3128 nominum

320 3153 407 3219 Apulo
425 3161 472 3224 (-
490 3179 523 3207 υ
546 3157 593 3222 -)
614 3162 641 3204 et
658 3153 770 3220 Apuliae
790 3159 837 3222 (υ
859 3179 892 3193 -·-
912 3177 945 3203 υ
964 3157 1022 3221 -).
1063 3152 1134 3204 'ialin
1156 3151 1225 3201 enirn
1244 3157 1341 3215 poetae
1361 3164 1423 3198 nsu-

320 3225 409 3274 tnbant
427 3232 457 3274 nt
475 3236 566 3274 sersus
581 3223 710 3275 iubebunt.
747 3220 873 3289 Exempla
891 3235 943 3273 non
962 3222 1072 3287 desunt,
1093 3237 1128 3274 ne
1148 3220 1225 3272 huius
1243 3218 1350 3287 quidest
1370 3234 1424 3270 πο·

321 3296 407 3348 minis,
427 3324 461 3335 -
488 3294 683 3364 [Quousque]
706 3294 803 3345 locum
821 3294 929 3344 mutavit
948 3293 1083 3360 particula
1103 3289 1165 3345 vide
1185 3289 1218 3341 sd
1235 3288 1313 3341 &ren
1340 3288 1376 3354 ll,·
1399 3289 1425 3354 7,

321 3366 366 3418 25.
401 3364 511 3418 Somnus
529 3370 615 3415 autem
633 3367 717 3415 somni
737 3363 867 3431 cupiditas
883 3371 911 3414 et
928 3363 1085 3424 desiderium
1106 3372 1154 3416 eat
1176 3391 1209 3402 -
1235 3364 1360 3431 pueram]
1380 3361 1425 3412 si·

321 3433 390 3486 milis
413 3443 454 3487 est
470 3435 503 3484 de
523 3431 632 3486 Pindaro
652 3450 733 3501 puero
755 3435 877 3497 narratio,
896 3435 938 3485 cui
957 3435 1037 3485 devio
1055 3443 1185 3486 etaomnn
1206 3446 1336 3499 oppresso
1359 3443 1424 3498 apes

322 3504 400 3557 mella
418 3508 446 3558 in
470 3504 541 3557 lubra
571 3505 737 3573 congessisse
763 3503 893 3556 dicuntur.
930 3502 1066 3556 Poetarum
1090 3506 1144 3556 sita
1172 3510 1226 3554 tota
1245 3502 1328 3554 lineis
1349 3515 1426 3553 saera

323 3585 372 3627 est.
390 3608 425 3618 -
453 3575 556 3643 eidam]
578 3575 634 3627 cie.
655 3576 688 3627 de
706 3583 770 3626 orat.
790 3575 812 3638 l,
830 3574 882 3626 tt:
918 3573 1048 3638 „ithacam
1066 3573 1138 3636 illurn
1159 3575 1187 3625 in
1205 3574 1358 3640 asperrimis
1380 3587 1427 3624 sa·

321 3647 390 3698 aulis
409 3655 530 3713 tanquam
546 3644 664 3697 nidulum
686 3641 814 3696 aidrsm.“
833 3644 991 3700 Acherontis
1004 3645 1084 3697 laodic
1097 3645 1242 3706 Aeerease,
1261 3643 1357 3707 Bantia
1369 3644 1426 3695 At·

322 3717 397 3768 dosia
418 3718 445 3769 ds'
468 3716 563 3781 Versae,
583 3715 722 3767 liorentnru
737 3717 863 3767 Foreaan.
883 3743 915 3759 -
938 3719 975 3789 aet}
993 3718 1125 3784 coniunge
1139 3731 1197 3766 cuns
1214 3716 1318 3766 mirera.
1341 3713 1428 3781 Epod.

325 3788 367 3850 16,
385 3788 428 3839 53.
448 3815 483 3828 ·-
503 3786 654 3855 lauroque]
674 3785 703 3837 in
722 3784 795 3837 lauro
812 3794 837 3835 et
854 3793 939 3851 myrto
957 3788 1110 3838 vaticinatio
1137 3784 1264 3853 quaedam
1283 3784 1318 3835 de
1339 3785 1428 3837 lutura
1450 3792 1453 3796 ’

322 3860 397 3923 poesi
416 3858 512 3908 lloratii
531 3856 646 3922 Apollini
668 3864 695 3907 et
712 3857 807 3908 Veneri
826 3854 920 3907 dicata.
945 3887 980 3906 «-
1028 3874 1082 3907 aaa
1097 3857 1155 3908 siae
1175 3856 1224 3927 dtr}
1247 3856 1351 3908 litotes
1371 3857 1429 3908 ior·

322 3929 374 3979 tior
392 3936 432 3979 est
450 3942 527 3994 quarn
544 3927 655 3994 simplas
672 3925 818 3978 aliirruatin.
838 3925 900 3977 vide
918 3927 952 3979 ad
970 3927 1017 3991 ΙΙΙ,
1036 3928 1079 3990 26,
1098 3930 1124 3981 2.

400 4014 430 4066 V.
445 4015 488 4064 at.
527 4014 652 4133 Sobtsorq
666 4012 711 4063 nbi
728 4012 826 4063 llorntil
846 4011 919 4064 villa.
956 4013 1057 4065 Deinde
1074 4015 1240 4065 nominantur
1258 4012 1308 4064 tria
1326 4012 1427 4080 oppida

323 4081 477 4133 sRutnanis
495 4083 592 4135 vitandi
613 4097 643 4135 cu
654 4085 707 4134 oris
722 4083 815 4135 aestivi
834 4097 913 4134 cansa
928 4083 1108 4152 trequentata;
1127 4084 1190 4135 inde
1207 4082 1325 4149 epitheta
1348 4086 1428 4135 edan

324 4159 426 4218 sumpta
443 4152 476 4203 ab
493 4153 607 4205 llorntin.
635 4152 732 4205 Gonier
752 4156 829 4204 edam
848 4152 929 4219 Epist
948 4154 969 4218 l,
986 4154 1047 4219 m.
1065 4154 1086 4219 l,
1106 4156 1176 4220 15,2
1221 4154 1261 4205 lie
1280 4153 1429 4205 Baiisride

303 4220 356 4273 'ad
377 4222 460 4273 carm.
479 4222 513 4286 ll,
533 4224 574 4288 18,
591 4224 634 4277 20.
653 4254 686 4266 -
709 4222 830 4296 amcam}
851 4223 884 4273 cl.
908 4223 992 4276 Carni.
1012 4226 1031 4289 Ι,
1052 4225 1096 4288 26,
1115 4227 1137 4276 1.
1174 4225 1255 4277 sacer
1271 4231 1351 4275 rates
1367 4221 1429 4275 sbi·

325 4307 376 4359 que
396 4299 422 4343 et
442 4305 545 4359 semper
572 4295 599 4344 in
624 4294 753 4346 nurerum
775 4293 858 4344 tutela
876 4302 934 4359 eat,
962 4294 1104 4346 admittitur
1130 4291 1165 4346 ad
1182 4310 1272 4345 earum
1293 4294 1429 4346 fontenet

326 4361 428 4414 choros.
464 4363 502 4414 lle
522 4363 682 4429 Philippensi
702 4362 777 4414 clade
795 4362 856 4414 vide
876 4363 960 4416 Geron·
980 4365 1014 4428 ll,
1032 4366 1058 4428 7,
1077 4366 1110 4418 13
1119 4381 1187 4433 sqq,
1205 4364 1240 4416 de
1259 4363 1359 4417 arbore
1378 4378 1428 4416 ne·

326 4431 394 4483 iasio
412 4432 455 4482 die
473 4435 559 4499 posita
577 4433 689 4500 ideoque
707 4434 799 4485 aevoso
817 4432 902 4486 Carni.
922 4433 956 4498 ll,
978 4438 1019 4488 ld.
1040 4435 1074 4499 lt,
1094 4436 1136 4501 17,
1156 4436 1200 4488 tt.
1218 4464 1255 4478 -
1275 4435 1429 4505 Patiscum}

327 4505 532 4566 promontorium
552 4504 579 4553 in
600 4517 645 4554 ora
663 4504 792 4556 laconiae
809 4519 892 4573 prope
910 4502 1012 4560 Veliam
1028 4508 1124 4572 sitans,
1142 4520 1158 4557 a
1177 4505 1302 4560 Palinuro
1320 4509 1430 4560 Aeneae
