3117 5042
746 384 1023 452 (laumellum
1099 398 1106 407 '

539 570 608 632 Non
628 567 728 633 inelse
747 568 830 633 nulls
850 567 1175 648 muneremunere,

541 676 603 740 Per
624 693 703 758 qaae
723 677 852 757 spiritus
872 683 903 738 et
926 676 992 738 vita
1016 675 1097 737 redit
1118 674 1207 739 benis

488 803 517 846 ss
537 784 612 846 Post
631 790 759 846 mortem
782 783 929 863 ducibus,
954 802 1014 846 non
1036 782 1156 844 celeres
1175 784 1272 863 lupae

541 891 746 973 lleiectaeqne
766 899 936 954 retrorsum
958 889 1142 953 Hannibalis
1163 874 1284 969 ruinae,

543 999 612 1062 Non
635 998 775 1061 incendia
800 997 1004 1078 Karthaginis
1026 996 1142 1078 impiae

542 1105 635 1181 ntus,
657 1107 708 1187 qui
733 1105 848 1168 domita
869 1123 978 1167 nomeu
1002 1105 1042 1167 ab
1064 1105 1172 1168 Africo

543 1213 695 1297 leucrates
715 1213 824 1289 rediit,
850 1213 965 1275 clarius
988 1212 1125 1275 indicant

494 1336 524 1382 so
549 1320 692 1399 moses,
714 1340 804 1403 quam
824 1319 980 1384 Calabrae
1002 1319 1163 1382 Pierides:
1186 1336 1303 1400 neque,

347 1449 474 1508 perpetue
492 1449 562 1493 motu
575 1441 699 1510 quidquid
707 1440 775 1492 bene
783 1441 878 1492 lactum
885 1450 926 1493 est
936 1441 1076 1493 oblivionis
1090 1440 1203 1507 callgine
1211 1438 1332 1507 paulatim
1342 1440 1433 1505 premi·
1519 1438 1520 1447 ’

346 1520 389 1562 tur·
408 1527 465 1562 eum
484 1511 602 1564 omnibns
621 1514 689 1580 quae
707 1513 732 1563 in
752 1512 875 1579 aequales
892 1512 1066 1564 redundarunt
1086 1510 1232 1563 beneficiis.
1269 1509 1353 1573 Quare
1371 1509 1431 1559 nibil

324 1592 328 1599 ·
348 1581 381 1632 ad
399 1591 518 1648 posteros
536 1585 665 1650 pervenit,
685 1584 734 1635 olei
747 1583 815 1650 qnod
838 1582 915 1634 lixum
934 1583 1112 1651 firmatumque
1132 1589 1315 1648 estpeeterum
1328 1582 1435 1630 aeternis

348 1652 530 1705 carminibus.“
566 1652 646 1704 Cuius
665 1656 810 1705 sententiae
829 1656 1001 1705 testimouium
1020 1654 1126 1705 sll'ertnr
1148 1649 1295 1718 exemplum
1312 1651 1434 1716 Scipionis
1520 1674 1521 1685 π

348 1723 465 1774 Africani
481 1724 602 1785 maioris3
622 1725 665 1791 qui
686 1741 744 1775 eum
762 1723 942 1787 Hannibalem,
958 1726 1096 1775 maximum
1114 1725 1183 1774 inter
1200 1737 1291 1774 omnes
1308 1720 1434 1771 Humano-

349 1809 406 1845 rum
424 1793 535 1858 bostem‚
554 1802 718 1862 superasset,
737 1796 834 1845 sensim
856 1810 888 1846 ex
906 1797 1029 1847 memoria
1045 1795 1177 1845 hominnm
1197 1791 1360 1853 elaberetur,
1388 1791 1435 1841 nisi

350 1863 451 1930 gloriae
469 1880 532 1917 suae
552 1880 707 1931 praeconem
725 1866 870 1917 invenisset
888 1865 1007 1931 Ennium
1025 1865 1116 1917 nuntie
1135 1863 1272 1916 Calabriae
1286 1861 1379 1929 oppido
1391 1876 1435 1912 na·

350 1943 404 1985 tum
425 1945 462 1995 (a.
477 1951 502 1988 u.
522 1935 686 2001 ele-584).
723 1934 813 1987 Altera
831 1935 956 1987 dubitatio
971 1944 1091 1988 movetur
1112 1950 1145 1986 ex
1162 1949 1186 1985 v.
1200 1936 1242 1998 17,
1261 1935 1288 1983 in
1306 1948 1357 2001 que
1376 1947 1438 1983 con·
1521 1948 1522 1989 l

351 2013 391 2057 tra
416 2005 513 2056 Horatii
531 2005 744 2058 consuetudinem
763 2023 897 2061 caesuram
915 2007 1052 2059 admissam
1070 2006 1197 2057 videmus.
1244 2004 1318 2066 Quae
1341 2003 1438 2070 quidem

352 2091 461 2126 caesura
482 2078 583 2128 etiamsi
612 2077 715 2128 delendi
739 2078 832 2145 nequit
847 2076 914 2130 locis
938 2077 1022 2129 Germ.
1040 2076 1061 2141 l,
1084 2078 1126 2140 18,
1148 2076 1189 2128 16.
1221 2074 1256 2138 11,
1276 2075 1319 2138 12,
1337 2075 1380 2135 25,
1397 2073 1437 2124 ubi

352 2147 559 2213 praepositiones
580 2147 659 2200 lecile
677 2157 829 2215 separantur
848 2164 863 2200 a
882 2148 983 2213 verbis,
1012 2148 1206 2200 excusationem
1225 2153 1313 2197 nmen
1332 2146 1441 2195 inveniet

352 2218 495 2269 innomine
513 2220 625 2285 proprio.
644 2219 735 2271 Restat
752 2221 827 2271 tertia
846 2219 994 2270 dillieultss.
1018 2219 1083 2271 Ham
1101 2234 1159 2269 eum
1173 2215 1326 2268 Hannibalis
1344 2230 1444 2277 nomen,
1522 2254 1523 2261 ,

352 2303 411 2339 cum
430 2287 506 2341 Ennii
526 2291 640 2341 carmina
658 2292 782 2343 maiorem
799 2290 948 2342 Airioanum
967 2290 1102 2355 indicent,
1131 2288 1257 2340 incendia
1272 2287 1442 2353 Keretapa&

353 2358 386 2410 sd
400 2360 524 2410 minorem
543 2362 694 2412 necessario
713 2360 850 2413 reserenda
868 2377 927 2412 esse
946 2362 1075 2413 videntur.
1113 2359 1143 2411 ln
1161 2373 1214 2427 qun
1224 2375 1253 2409 re
1266 2359 1376 2424 primum
1389 2357 1442 2407 ani-

353 2430 564 2483 madvertendum
584 2438 633 2495 est,
651 2447 709 2483 eum
727 2433 837 2483 nominis·
856 2432 980 2499 Africani
997 2448 1030 2484 ue
1049 2430 1104 2482 ulla
1122 2430 1226 2499 quidem
1238 2429 1320 2480 lorma
1338 2435 1443 2478 menan

353 2500 404 2550 boe
425 2499 616 2567 asclepiadeum
634 2503 716 2554 lerret
733 2532 767 2544 -
796 2504 846 2554 nisi
872 2502 938 2553 lorte
957 2503 1114 2554 trochaicam
1133 2501 1208 2552 basin
1226 2501 1316 2551 versui
1333 2513 1444 2565 praepo-

354 2586 418 2623 nere
435 2570 518 2622 volm't
537 2581 637 2639 poeta,
658 2604 691 2614 -
719 2572 852 2624 Horatium
875 2572 1001 2625 dissoluta
1024 2573 1136 2624 nominis
1164 2579 1295 2639 potestate
1318 2584 1371 2620 nen
1393 2570 1446 2619 sine
1523 2580 1524 2605 l

355 2642 483 2709 gravitate
502 2651 582 2695 tetum
600 2659 705 2695 versum
726 2645 758 2696 18
776 2643 934 2710 explevisse.
977 2645 1017 2696 lle
1034 2658 1085 2713 qus
1102 2657 1132 2693 re
1149 2657 1271 2709 compara
1291 2642 1345 2693 Sat.
1371 2640 1405 2703 ll,
1424 2641 1445 2701 l,

355 2711 399 2765 66.
415 2711 439 2775 l,
459 2712 485 2775 5,
502 2713 535 2765 87
555 2721 582 2764 et
600 2713 684 2767 Garun.
705 2713 751 2775 111,
771 2714 816 2778 20,
836 2717 890 2779 15,
917 2713 962 2765 ubi
986 2713 1142 2780 Ganymedis
1170 2727 1266 2765 nomen
1289 2726 1343 2763 non
1369 2712 1447 2776 magis

356 2782 514 2848 Sapphicum
532 2799 636 2836 versum
654 2783 785 2836 toleraret.
831 2784 885 2837 lam
910 2798 975 2836 vero
994 2786 1036 2853 qui
1058 2791 1206 2850 corruptum
1224 2782 1311 2833 locum
1329 2786 1448 2848 putarunt

357 2854 509 2904 contrariam
536 2854 663 2906 medelam
684 2854 872 2919 adhibuerunt;
898 2856 945 2907 alii
970 2865 1091 2923 quattuor
1121 2869 1214 2906 versus
1242 2852 1387 2904 eliciendos
1404 2851 1448 2903 rati

356 2924 425 2975 hune
444 2925 633 2976 constituerunt
651 2940 773 2977 versuum
802 2942 905 2978 cursum
920 2936 978 2996 post
994 2936 1101 2978 mortens
1119 2926 1240 2987 ducilem
1265 2924 1366 2974 clurino
1382 2922 1449 2974 iadi-

356 3004 425 3046 cent.
462 2996 496 3047 m
516 3010 578 3045 vero
597 2998 619 3047 sl
637 2995 737 3047 celeres
767 2996 846 3064 fugae
873 3005 900 3047 et
924 2999 1009 3048 minae
1039 2995 1190 3048 Hannibalis
1216 2993 1404 3062 expelluntur,
1429 2993 1449 3043 si

356 3067 486 3132 Scipionis
504 3067 590 3116 omnia
609 3068 721 3133 vestigia
743 3066 889 3131 tolluntur,
907 3067 975 3118 unde
998 3067 1129 3119 Calabrae
1145 3065 1261 3119 Pierides
1281 3073 1394 3132 possunt
1410 3071 1448 3114 te-

355 3136 422 3197 nem,
440 3150 507 3201 quae
525 3135 689 3187 fundamento
707 3138 825 3204 quedam,
843 3140 869 3188 in
887 3153 939 3207 que
957 3139 1109 3202 niterentur,
1128 3135 1267 3189 carerent?
1293 3134 1346 3187 Alii
1361 3135 1450 3186 deesse

357 3205 422 3256 duos
441 3221 533 3256 versus
553 3208 688 3273 opinantes
707 3207 817 3258 lacunae
838 3210 913 3276 signa
930 3207 1092 3259 collocarunt
1111 3208 1179 3259 inter
1196 3223 1222 3258 v.
1236 3208 1268 3259 17
1282 3204 1374 3268 et183
1395 3206 1450 3256 ideo

357 3276 469 3326 maxime
486 3277 564 3336 moti,
585 3276 654 3343 qued
673 3279 859 3345 menestroplm
878 3287 905 3331 et
922 3279 1053 3347 distropha
1072 3286 1154 3329 metra
1173 3278 1259 3328 omnia
1278 3274 1386 3344 prester
1405 3276 1450 3326 boe

358 3358 461 3395 carmen
483 3360 541 3396 eum
561 3361 682 3398 versuum
710 3362 844 3400 numerum
864 3349 1009 3412 haberent,
1039 3350 1083 3418 qui
1103 3350 1268 3416 quaternario
1287 3362 1399 3399 numero
1420 3348 1452 3397 ita

359 3422 449 3483 posset
473 3415 553 3466 dividi
581 3420 710 3469 uterinis
738 3428 942 3472 consumeretur.
987 3419 1062 3484 Quod
1081 3422 1130 3470 etsi
1150 3435 1241 3470 verum
1260 3427 1300 3470 est
1317 3418 1353 3469 de
1375 3417 1451 3468 tribus

358 3485 488 3555 prioribus
507 3486 597 3552 libris,
626 3503 713 3540 nonne
731 3489 837 3541 Horatio
856 3507 913 3541 eam
927 3491 1036 3558 legem,
1057 3506 1134 3558 quam
1151 3491 1210 3557 ipse
1227 3489 1277 3541 sibl
1295 3491 1453 3556 imposuerat

359 3573 447 3624 neque
465 3559 491 3608 iu
508 3557 606 3625 Epodis
624 3557 817 3624 observaverat,
838 3569 929 3626 quarto
950 3563 1026 3612 etiam
1047 3561 1114 3612 libre
1132 3560 1281 3629 relinquere
1298 3557 1399 3611 licuit?
1417 3559 1453 3611 Ae

360 3637 496 3695 praeterea
513 3631 535 3680 si
554 3629 616 3696 quid
635 3631 757 3680 emissum
775 3630 875 3696 eredas,
892 3632 996 3682 omnino
1013 3646 1066 3682 non
1084 3631 1167 3695 vides,
1185 3630 1315 3699 quomedo
1335 3631 1453 3683 Horatius

361 3714 378 3749 a
399 3700 489 3749 maiori
508 3698 631 3751 Airieano
652 3699 684 3750 ad
704 3702 847 3764 minorem,
875 3701 1003 3752 deindea
1031 3702 1123 3753 minori
1154 3704 1245 3753 ilerum
1272 3701 1305 3753 ad
1333 3703 1455 3753 maiorem

363 3768 453 3820 circuli
476 3771 556 3821 instar
574 3770 713 3835 pervenire
732 3773 852 3838 potuerit.
895 3771 996 3822 Deinde
1015 3787 1093 3839 quem
1112 3781 1216 3838 poetam
1235 3771 1344 3840 dignum
1361 3771 1455 3823 habere

362 3841 462 3907 potuit,
489 3856 599 3910 quocum
621 3840 732 3891 Ennium
750 3842 841 3893 eadem
857 3843 957 3893 ratione
985 3844 1178 3909 coniungeret,
1206 3858 1256 3910 qua
1280 3860 1341 3894 cum
1368 3839 1455 3893 maiori

363 3910 486 3960 Africano
505 3910 654 3963 minorem?
690 3911 751 3962 Tum
769 3912 900 3980 quomodo
918 3914 1046 3964 minorem
1069 3913 1220 3964 lllrieanum
1239 3914 1391 3980 significare
1410 3926 1457 3979 po-

364 3978 420 4043 t‘uit,
443 3981 526 4032 diviso
546 3982 584 4031 sie
604 3982 708 4031 nemine
727 3991 753 4032 et
772 3984 798 4035 in
816 3984 938 4034 maiorem
959 3982 1132 4049 consumpto?
1168 3983 1220 4034 Alii
1243 3984 1275 4035 ad
1295 3985 1456 4035 coniectores

363 4051 502 4116 impendio,
520 4052 648 4119 stipendia
665 4052 796 4104 faciendas
818 4052 1006 4120 confugerunt;
1028 4053 1191 4120 desperatum
1210 4054 1273 4105 illud
1293 4054 1401 4123 quidem
1417 4068 1458 4105 re-

365 4120 477 4171 medium
495 4123 521 4170 in
550 4130 620 4172 tanta
644 4121 766 4173 librorum
794 4126 946 4175 constantia.
1001 4126 1165 4191 Quapropter
1184 4134 1228 4175 aut
1254 4142 1312 4177 enni
1342 4123 1459 4175 Hentleio

364 4206 391 4241 v.
415 4192 445 4242 17
463 4192 581 4257 spurium
601 4193 808 4261 eliciendumque
827 4193 980 4259 habeamus,
997 4203 1042 4246 eut
1060 4198 1146 4262 potius
1164 4198 1294 4248 incendiis
1309 4195 1459 4248 aenurbem

365 4262 448 4326 ipsam
467 4262 627 4314 combustam
644 4263 789 4329 credamus,
808 4264 854 4315 sed
871 4280 953 4316 naves
972 4274 998 4317 et
1016 4276 1138 4333 portum3
1156 4267 1189 4318 de
1208 4284 1259 4335 qua
1277 4283 1308 4317 re
1328 4266 1390 4318 vide
1409 4266 1462 4315 lis.

367 4332 448 4395 xxx,
466 4332 510 4382 43.
547 4332 610 4382 llam
629 4349 662 4383 ue
688 4333 738 4385 boe
756 4335 860 4402 quidem
884 4336 1020 4387 ferendum
1040 4345 1094 4402 eet,
1119 4338 1239 4389 incendis
1260 4340 1346 4404 ipsum
1364 4336 1460 4386 bellurn

368 4401 526 4463 significare.
554 4401 629 4466 Apud
647 4403 783 4471 Virgilium
799 4406 865 4457 Aen.
878 4405 897 4469 l,
916 4407 969 4459 566
987 4407 1048 4458 tetta·
1067 4410 1199 4475 genitivus
1216 4408 1321 4461 additus
1338 4414 1386 4460 est
1411 4405 1464 4458 lle-

370 4470 436 4522 ctius
453 4473 526 4540 ipses
545 4486 695 4541 comparere
713 4477 800 4544 pessis
818 4492 851 4530 ex
871 4475 955 4531 Carus.
975 4478 1020 4547 lli,
1040 4478 1084 4546 ll,
1102 4480 1153 4554 26.-
