3117 5042
333 370 426 434 brit.
452 372 476 433 l.
519 367 992 434 canld.xxx11.xxxllt.

273 568 302 611 rc
324 550 419 613 llulee
441 548 590 624 lenimen,
610 547 683 612 nini
700 563 819 631 nuque
840 548 930 612 calve

408 657 479 722 liite
501 655 634 722 romuli.

487 1003 676 1079 Carmen
701 952 852 1076 xxxlil.

329 1172 417 1250 Albi,
436 1188 476 1234 ue
495 1171 603 1235 doleas
623 1172 694 1254 plna
714 1167 808 1233 nimio
830 1184 947 1230 memor

283 1290 287 1296 ’
329 1280 456 1343 lumitia
476 1279 631 1357 Glycerae
651 1298 710 1343 neu
732 1275 927 1341 miserabiles

330 1388 481 1451 liecantea
501 1388 618 1470 elegos,
637 1405 692 1450 cur
714 1385 770 1449 tibi
793 1383 895 1448 iunior

413 1496 513 1559 baean
530 1496 707 1578 praeniteat
724 1493 793 1557 lide.

299 1649 488 1731 elneigneru
509 1649 593 1711 tenni
613 1650 716 1711 fronte
738 1644 893 1724 Lycorida

129 1836 240 1885 coecati
261 1833 436 1901 coniungitur.
473 1833 606 1900 Significat
625 1839 710 1886 autern
728 1832 842 1902 quinque
860 1829 902 1881 rel
921 1843 968 1880 aex
989 1826 1065 1891 iccio,
1082 1826 1109 1877 in
1131 1823 1225 1892 quibua

131 1903 255 1955 absolute
273 1904 358 1972 perita
376 1904 472 1971 legitur
492 1935 527 1947 -
555 1920 613 1956 nani
632 1911 734 1971 practer
753 1902 821 1953 hune
839 1900 1005 1954 Horatiorum
1023 1897 1077 1950 loci
1093 1904 1153 1949 runt
1172 1895 1228 1947 bu-

129 1977 205 2025 cretii
223 1975 258 2026 de
275 1990 327 2030 rer.
344 1983 397 2029 nat.
414 1975 448 2038 ΙΙ,
467 1976 511 2025 21.
533 1977 590 2027 112.
614 1975 644 2039 V,
655 1975 707 2026 312
728 1981 790 2036 cet,
809 1969 853 2022 ubi
876 1971 959 2023 reteri
977 1966 1106 2021 scribendi
1126 1967 1229 2020 ratione

129 2062 257 2112 quomque
274 2054 324 2109 eat,
344 2044 413 2097 unde
427 2046 556 2112 originem
574 2045 708 2112 intelligas
724 2042 867 2111 particulae
887 2072 922 2083 -
943 2040 1072 2110 significat
1090 2039 1169 2106 igitur
1184 2045 1229 2089 aut

129 2133 232 2182 quoquo
253 2125 368 2186 tempere
382 2124 427 2168 aut
445 2117 557 2168 omnine.
605 2116 634 2168 ll.
655 2114 673 2166 l.
691 2124 765 2170 reete
781 2111 953 2171 ceboliaatae:
980 2111 1177 2181 quotiescunque
1203 2116 1230 2162 te

130 2202 271 2240 neccaro.
502 2199 504 2203 ⁴

541 2289 681 2341 Carmen
708 2287 826 2344 lilllilll.

204 2374 291 2444 Grput
308 2379 438 2443 meminis,
454 2393 507 2447 qno
523 2378 628 2431 Albium
644 2378 788 2443 Tibullum,
805 2376 984 2428 dulciaaimnnr
1000 2374 1144 2442 elegiam
1161 2386 1231 2439 poa-

132 2455 195 2506 tam,
218 2446 253 2498 de
273 2448 380 2514 perfidia
400 2448 527 2513 Glycerae
547 2447 667 2501 llcratiua
688 2448 846 2510 consolatur,
869 2447 1029 2513 conspicitur
1037 2456 1089 2495 nv.
1112 2443 1229 2509 10-12,

131 2516 229 2584 quibua
248 2519 357 2571 Teucria
379 2519 476 2577 crudeli
499 2535 581 2587 caepe
605 2521 664 2572 ioco
695 2520 812 2570 homines
839 2517 921 2570 roma
946 2525 972 2568 et
999 2516 1085 2566 auimo
1111 2513 1231 2569 diveraea

131 2590 231 2638 amona
255 2589 363 2641 vinculo
381 2591 503 2657 coniungi
524 2589 673 2645 ostenditur.
717 2589 878 2655 Gompoaitio
895 2587 1015 2639 carminia
1033 2584 1230 2652 elegentiaaima

132 2667 184 2730 eat.
219 2659 260 2710 Ex
277 2670 399 2728 quattuor
420 2661 532 2728 atrophia
552 2663 635 2729 prima
651 2660 778 2714 Tibullum
798 2667 930 2711 revocata
942 2658 1022 2709 nimio
1034 2655 1106 2708 luctu
1125 2665 1152 2709 et
1162 2673 1229 2726 que-

131 2731 246 2780 rimouia
262 2730 296 2782 de
314 2731 423 2798 perfidia
440 2730 580 2797 Glycerae;
598 2732 700 2782 mediae
721 2739 748 2784 et
768 2728 851 2784 tribua
867 2732 980 2782 interae
996 2726 1230 2794 copulatiacxem·

133 2800 186 2866 plia
213 2816 376 2865 amorenuon
397 2818 500 2870 semper
512 2803 585 2869 gigni
603 2817 717 2858 amorem
737 2801 914 2852 demonstrant
933 2808 960 2852 et
970 2800 1105 2850 continent
1120 2802 1231 2851 univer..

132 2887 191 2920 earn
209 2871 281 2922 illam
302 2872 335 2923 de
354 2873 443 2923 iocosa
461 2875 569 2924 saevitia
589 2874 697 2924 Veneria
716 2872 878 2924 sententiam„
906 2870 941 2921 ci.
956 2869 988 2920 ud
1003 2868 1086 2921 Germ.
1104 2870 1231 2933 Ι,28,16.

133 2942 234 3004 Quarta
253 2941 367 3010 deniqne
385 2943 491 3010 atropha
507 2959 583 2996 eumn
610 2959 663 2993 rem
690 2950 717 2994 et
745 2941 926 2993 condicionem
955 2938 1092 2992 admodum
1120 2939 1231 2991 aimilern

132 3011 257 3062 lloratiua
284 3011 380 3064 blande
406 3015 538 3080 eornponir
562 3012 801 3080 consolationiaque
825 3027 903 3063 cauae
921 3013 1000 3062 tacite
1020 3008 1108 3061 oblata
1130 3010 1231 3060 initium

131 3099 192 3132 cum
212 3084 269 3134 line*
284 3086 391 3151 egregie
409 3086 551 3151 coniungit.
569 3115 601 3126 -
613 3083 705 3138 Albius
724 3082 954 3136 Tibrdlua-narn
975 3095 1134 3147 praenomen
1150 3081 1230 3148 iguoo

132 3161 307 3205 ratur-nec
319 3169 447 3223 quonnno
464 3164 538 3206 uulua
556 3156 590 3205 ait
607 3163 708 3206 constat
726 3169 776 3205 trec
796 3168 848 3222 quo
857 3162 986 3214 mortuum
1003 3149 1131 3219 probabili
1142 3158 1233 3202 tamen
1260 3207 1267 3220 ,

133 3225 290 3275 coniectura
307 3225 334 3276 id
352 3226 495 3278 effecerunt
512 3227 561 3279 rin'
579 3225 658 3289 ducti,
675 3233 704 3280 ut
722 3225 755 3276 ab
769 3239 838 3278 anno
858 3225 914 3279 695
929 3223 964 3278 ad
980 3238 1075 3276 unum
1096 3222 1149 3276 736
1169 3238 1195 3273 ι
1207 3236 1232 3272 c

133 3297 236 3346 rixieec
254 3310 314 3346 eum
334 3295 461 3348 credatur.
498 3296 608 3361 Glycera
629 3304 714 3347 autem
733 3311 801 3363 quae
819 3297 898 3348 luerit
917 3295 1057 3359 nescimus,
1077 3308 1232 3362 quemquam

134 3365 210 3415 multi
236 3365 342 3417 luerunt
359 3369 402 3434 qni
421 3367 543 3418 llemeain
563 3381 621 3418 erae
642 3382 698 3418 earn
717 3375 856 3433 putarent,
887 3366 920 3416 de
938 3380 990 3434 qua
1009 3380 1042 3416 ex
1059 3365 1154 3416 Tibulli
1173 3378 1245 3416 car··

134 3437 251 3486 minibus
270 3438 319 3487 tria
338 3445 398 3488 eunt
415 3439 440 3488 in
464 3437 529 3488 libro
547 3437 680 3500 necundo,
710 3438 775 3504 elegv
795 3437 818 3488 3.
841 3439 865 3487 ΙΙ
883 3437 922 3498 63
946 3437 991 3491 alti
1009 3444 1145 3502 negarunt.
1192 3433 1233 3484 be

135 3521 206 3558 anno
229 3507 306 3558 huiue
326 3509 446 3559 carminie
464 3508 542 3560 natali
560 3507 623 3558 nibil
642 3516 729 3574 potest
750 3509 812 3559 cerri
826 3505 959 3571 affirmari,
976 3506 1026 3556 ulai
1039 3502 1234 3572 quodTibullrre

136 3593 171 3629 ea
190 3580 243 3629 iarn
262 3586 348 3630 aetate
366 3595 425 3631 eece
442 3578 540 3643 debuit,
559 3586 588 3630 nt
606 3580 690 3631 iunior
708 3577 803 3645 aliquia
821 3578 846 3629 ei
865 3585 956 3644 poaeet
974 3575 1110 3643 praeferri.

207 3666 269 3735 plne
286 3668 376 3738 nimie]
408 3667 525 3734 Propter
542 3682 675 3720 caesuram
697 3667 794 3716 reclina
827 3664 968 3716 broccum
985 3678 1083 3714 mmor
1098 3661 1149 3712 adi.
1168 3674 1235 3711 cou-

136 3738 284 3805 iunguntur
301 3753 377 3805 quam
396 3754 455 3790 cnm
471 3737 552 3789 verbo
573 3737 669 3789 dalcae.
705 3735 798 3787 'Tribus
813 3737 893 3787 utitur
908 3735 1027 3785 llomtlua
1046 3731 1164 3784 iormulia
1176 3746 1234 3783 cum

136 3824 192 3858 rem
210 3809 327 3877 aliquam
343 3808 446 3860 modum
464 3807 592 3860 excedere
618 3807 762 3858 indicatur:
787 3805 846 3873 plus
870 3806 949 3855 annio
978 3802 1064 3861 Carm,
1086 3801 1106 3866 1,
1132 3801 1173 3867 18,
1194 3802 1235 3853 15.

138 3878 224 3945 Epist.
243 3880 265 3943 1,
288 3878 330 3940 10,
350 3879 487 3948 alippius
504 3896 586 3946 oeque
605 3879 658 3933 Sat.
678 3878 699 3942 l,
719 3878 745 3941 d»,
763 3877 805 3929 52.
834 3875 909 3942 Epiat
937 3876 957 3936 Ι,
976 3874 1001 3936 2,
1018 3872 1062 3925 29.
1079 3872 1101 3938 Ι,
1123 3871 1165 3936 18,
1187 3873 1236 3934 103

135 3948 196 4017 plac
213 3952 283 4002 iusto
306 3950 389 4001 Germ.
410 3950 456 4012 ΙΙΙ,
479 3950 503 4015 7,
523 3949 566 4000 24.
586 3981 620 3993 -
645 3950 749 4007 innuitis
767 3946 905 4015 Glycerae]
925 3944 1044 4010 neema
1067 3941 1238 3995 edulcedine

138 4019 226 4083 dicta3
251 4019 387 4072 adiectivo
414 4021 493 4087 igitur
512 4016 616 4071 immitia
633 4029 735 4088 gratum
752 4016 857 4086 aliquod
886 4029 1029 4080 oxymcron
1055 4014 1176 4066 eflicitur.
1204 4043 1239 4056 -

140 4096 200 4159 cur]
220 4091 290 4142 idem
311 4090 367 4142 iere
390 4093 416 4141 in
440 4090 485 4141 teli
507 4093 690 4144 sententiarum
717 4089 900 4142 coniunctione
919 4084 988 4154 quod
1005 4095 1145 4155 propterca
1162 4084 1237 4152 quod.

140 4160 238 4214 Similia
258 4160 404 4228 particulae
423 4178 470 4213 cur
487 4178 548 4213 nsua
568 4170 608 4212 eat
625 4161 692 4228 apud
712 4160 793 4214 verbe
810 4160 923 4221 mirari,
951 4158 1051 4221 irasci,
1079 4155 1190 4220 similia,
1210 4162 1240 4206 ut

140 4230 224 4298 Epist.
245 4233 266 4296 l,
287 4233 313 4296 8,
333 4232 375 4284 10.
406 4231 489 4283 Cicer,
517 4233 548 4283 ad
569 4234 646 4299 artic.
667 4233 712 4294 ill,
732 4233 766 4285 9:
787 4229 879 4298 „qnod
899 4244 940 4280 me
960 4243 1085 4292 recusae,
1104 4243 1150 4280 cur
1168 4226 1237 4278 bunc

143 4318 227 4353 meum
247 4318 336 4354 cesum
355 4310 406 4353 tarn
425 4305 539 4368 graviter
558 4303 647 4366 ieram,
665 4303 745 4353 debes
765 4305 925 4369 ignos‹·er·e.“
944 4331 977 4341 -
997 4302 1067 4351 tenui
1085 4302 1183 4369 fronte]
1203 4294 1237 4346 ci.

143 4371 224 4438 Epist.
242 4374 263 4437 l,
286 4374 312 4437 7,
331 4375 375 4426 26.
409 4374 517 4425 becker.
537 4373 670 4425 Chariclen
689 4373 716 4428 T.
736 4373 768 4424 ll.
790 4389 815 4438 p.
836 4374 906 4424 392:
935 4370 997 4437 „eci
1016 4370 1127 4421 Weitem
1146 4369 1172 4418 in
1191 4365 1241 4415 den

146 4446 253 4496 mciclcn
274 4443 367 4497 Fillen
387 4443 453 4496 cirin
475 4460 532 4496 nrau
553 4444 597 4495 dne
617 4444 703 4510 lange,
722 4444 810 4494 reirlre
831 4444 896 4494 llaar
911 4440 1158 4508 wederyellocbten
1174 4433 1241 4487 noclr
