3117 5042
380 370 475 435 ΜΒ.
497 373 548 436 itt.
592 372 741 441 cnuti.
764 376 847 437 xtv.
876 378 944 441 XV.
1143 386 1205 447 ¹01

353 562 399 624 Ne
420 579 521 642 parra
544 561 738 638 'l'yrrltcuum
759 581 953 645 persequor

394 671 473 732 Vela
495 670 611 733 darem
654 673 742 746 Tua,
767 670 903 750 Caesar,
928 679 1016 735 aetas

280 839 294 880 a
317 819 437 901 Fruges
453 826 491 880 et
511 819 599 900 agris
622 820 740 882 rettulit
759 820 870 884 uberes

311 927 353 988 ut
372 927 464 1008 signu
483 934 590 991 nostro
612 928 746 990 restituit
765 930 833 991 lori

353 1034 489 1116 bcrepta
513 1033 695 1097 Parthorum
715 1036 856 1117 soperbia

394 1142 535 1205 Postibus
556 1150 588 1206 et
612 1163 739 1206 vacuum
762 1144 873 1207 duellis

310 1309 417 1371 lanum
439 1308 558 1385 Quirini
580 1310 691 1372 clausit
712 1317 743 1371 ct
765 1292 903 1373 ordinem

258 1433 287 1475 ro
307 1416 433 1479 Rectum
455 1418 604 1499 evaganti
626 1420 716 1481 irena
737 1419 879 1481 licentiae

349 1524 456 1591 iniecit
475 1525 649 1607 emovitque
671 1528 779 1607 culpas

391 1632 432 1694 tn
453 1642 574 1697 veteres
596 1635 756 1698 revocavit
776 1641 878 1709 artes,

308 1781 371 1843 Per
390 1794 467 1864 quas
486 1784 627 1846 Latinum
649 1801 758 1846 nomen
780 1789 811 1845 et
833 1783 933 1845 ltalac

108 1992 129 2025 a.
148 1977 209 2042 itt,
231 1977 367 2043 probabile
384 1978 495 2043 videtur,
514 1982 566 2030 nori
584 1978 665 2030 multo
680 1988 740 2046 post
760 1979 829 2032 hunc
848 1995 947 2034 annum
964 1988 1047 2032 ortum
1064 1996 1124 2032 esse
1142 1996 1202 2031 ear-

108 2062 172 2098 men.
211 2046 276 2099 Num
296 2048 366 2115 quod
385 2049 491 2115 dicunt,
509 2066 533 2101 v.
557 2050 686 2102 9onnnm
704 2053 800 2118 respici
821 2051 890 2115 rot,
914 2066 968 2121 quo
987 2050 1075 2103 lanum
1099 2052 1202 2103 tertium

108 2115 223 2169 clausurn
240 2118 378 2183 affirmant,
396 2121 422 2172 id
440 2120 537 2188 duplici
555 2123 656 2174 ratione
675 2122 802 2173 infirmum
822 2131 877 2184 est3
896 2139 955 2177 nam
974 2125 1084 2190 primum
1102 2123 1128 2172 in
1140 2123 1203 2173 uni-

108 2202 210 2240 versnm
230 2189 498 2258 landaturAngustus,
517 2192 586 2259 quod
606 2209 652 2243 sua
674 2200 760 2245 aetate
779 2192 855 2244 ianus
868 2193 973 2246 clausus
992 2196 1026 2244 sit
1044 2225 1076 2236 -
1097 2192 1122 2243 id
1133 2192 1202 2260 quod

109 2257 145 2311 bis
159 2259 259 2312 lactum
279 2270 334 2312 crat
353 2277 377 2313 a.
398 2264 449 2315 725
468 2271 495 2313 ot
511 2264 564 2314 729
581 2295 630 2326 -,
660 2263 754 2315 deinde
781 2279 936 2333 quamquem
964 2264 1061 2316 diserte
1079 2265 1203 2330 scriptum

108 2338 146 2381 cst
158 2332 230 2398 apud
250 2340 364 2398 veteres,
383 2349 446 2385 sene
463 2333 583 2401 Augusto
602 2336 704 2385 tertium
723 2333 778 2385 lani
797 2336 921 2402 templum
941 2334 1056 2387 clausum
1070 2350 1139 2397 esse,
1160 2337 1203 2385 ln-

107 2410 203 2453 ccrtum
226 2412 312 2454 umen
331 2412 371 2455 est
391 2420 443 2472 qno
462 2404 489 2456 id
510 2420 579 2455 anno
600 2405 695 2457 lnetnrn
711 2405 853 2456 credamus.
899 2407 986 2470 Quare
1013 2408 1038 2457 iu
1055 2413 1108 2456 tam
1126 2404 1204 2455 dubia

106 2487 132 2522 re
148 2480 224 2524 recto
240 2473 380 2526 iudicatum
401 2484 459 2540 ost,
482 2491 535 2526 non
555 2474 651 2525 debere
671 2475 719 2526 boc
738 2492 843 2527 carmen
862 2475 895 2528 ab
913 2476 1026 2547 reliquis
1046 2477 1122 2528 buius
1140 2474 1202 2526 libri

106 2542 169 2596 iusto
191 2544 298 2611 longius
316 2547 374 2597 sino
393 2548 550 2597 necessitate
569 2548 705 2597 remoueri.

169 2641 202 2691 V.
222 2642 247 2692 2.
268 2642 397 2709 increpuit
417 2640 484 2716 tyro}
506 2640 608 2709 pulsata
626 2641 681 2708 lyra
701 2658 742 2693 me
760 2641 912 2707 admonuit,
940 2656 975 2693 ns
993 2640 1092 2693 relictis
1113 2639 1201 2691 levio-

105 2708 171 2761 nbns
192 2711 351 2763 carminibus
372 2714 479 2780 grandin
498 2722 634 2775 tentarem,
652 2711 747 2780 quibus
767 2714 850 2779 impar
867 2722 938 2765 esset
951 2727 1007 2764 mea
1020 2711 1084 2780 lyra.
1103 2710 1200 2779 ¹lpollo

107 2782 171 2831 enim
191 2784 268 2849 quasi
287 2783 415 2850 choragus
437 2792 491 2847 est,
518 2786 561 2851 qui
582 2792 701 2834 cantores
723 2798 780 2835 cum
800 2783 833 2834 ab
852 2786 930 2835 rectis
950 2782 1033 2834 modis
1051 2782 1201 2834 aberrantes

107 2852 189 2915 audit,
221 2855 340 2921 graviter
359 2863 427 2905 tacta
447 2855 502 2919 lyra
520 2854 670 2920 interpellat
688 2863 714 2904 et
732 2857 853 2922 increpat
868 2857 886 2905 i.
905 2871 929 2906 e.
948 2855 1075 2921 corrigit,
1105 2854 1201 2905 erroris

107 2921 233 2975 sdarmnet.
262 2955 296 2967 -
333 2927 427 2997 paracl
453 2926 510 2977 Non
539 2925 643 2977 insolita
662 2928 749 2991 poesis
768 2927 927 2992 conparatio
947 2940 1005 2977 cum
1024 2925 1200 2990 navigatione.

107 2991 231 3060 Compara
250 2992 316 3045 baec
335 2996 462 3062 Propertii
482 2997 527 3060 lll,
546 2996 618 3059 9‚3:
642 2996 724 3061 ,Quid
743 3010 784 3046 me
803 2995 935 3047 scribendi
954 3004 1005 3048 tum
1024 3003 1126 3046 uastum
1138 2996 1200 3045 mit-

106 3063 134 3113 tis
157 3067 186 3116 in
218 3065 339 3132 aequor?
366 3065 432 3125 ,uon
457 3076 518 3123 sunt
535 3075 594 3134 apta
614 3083 688 3118 meae
709 3065 819 3133 grandin
837 3064 898 3119 vela
915 3068 1000 3119 rati.“
1037 3064 1196 3131 Tyrrhenum

106 3142 188 3186 cutem
207 3150 277 3187 maro
297 3151 349 3188 non
366 3153 414 3203 pro
435 3140 528 3205 quovis
546 3140 620 3199 mari,
639 3138 685 3189 scd
704 3153 752 3204 pro
771 3146 854 3202 vasto,
875 3146 965 3205 aperto
986 3137 1198 3206 muri—siqoa]

107 3204 232 3258 Restituta
252 3207 382 3259 aPartbis
401 3224 471 3259 arma
487 3224 510 3259 a.
531 3225 555 3258 u.
576 3208 649 3269 734,
668 3209 763 3261 Crasso
786 3208 897 3278 aliisque
917 3211 978 3260 olim
998 3216 1104 3274 erepta,
1133 3210 1201 3258 inter

107 3277 213 3340 pacifica
228 3279 340 3345 Augusti
357 3294 438 3345 opera
455 3281 650 3331 conunemorari
668 3281 735 3331 bene
747 3289 876 3346 poteraut,
897 3283 1020 3348 quianon
1033 3279 1103 3330 bello
1116 3279 1199 3337 coacti

107 3349 149 3398 sed
169 3348 229 3399 solo
251 3350 363 3400 nominis
383 3353 491 3417 Augusti
512 3358 611 3401 terrore
631 3353 740 3416 permoti
759 3351 845 3401 Parthi
864 3362 957 3417 sponte
978 3367 1009 3401 ea
1027 3349 1199 3401 reddiderant.

107 3416 185 3479 Quam
204 3434 260 3471 rem
279 3422 413 3486 Augustus
435 3436 482 3487 pro
500 3436 594 3487 magna
616 3424 724 3473 uictoria
744 3420 841 3471 babuit
889 3423 974 3484 Quare
995 3422 1114 3473 Horatius
1142 3434 1199 3471 eam

106 3503 163 3539 coro
180 3490 271 3541 clauso
288 3490 351 3551 luno
370 3494 447 3543 etiam
465 3491 548 3557 Epist.
569 3492 603 3554 ll,
624 3496 646 3553 l,
665 3494 717 3543 255
736 3492 943 3558 coniungendam
967 3493 1127 3555 putarit-
1149 3506 1200 3558 po-

105 3561 191 3630 stilnts]
224 3561 379 3629 templorum
409 3562 549 3629 inquibus
574 3577 702 3628 suspensa
727 3562 836 3612 lucrant.
877 3561 1025 3627 Peregriuis
1052 3563 1132 3627 igitur
1149 3558 1198 3610 diis

105 3641 190 3696 erepta
210 3635 410 3684 amna-restituit
427 3635 560 3700 Arrgustus
579 3641 668 3683 nostro
684 3633 746 3693 loci,
764 3633 781 3682 i.
793 3648 816 3683 e.
829 3633 906 3682 rectis
917 3632 981 3691 ‹liis;
1002 3645 1198 3697 quemquamne
1230 3637 1232 3641 ’

104 3714 162 3752 uera
179 3719 230 3753 non
254 3702 309 3753 Ioui
329 3703 375 3755 sed
394 3705 467 3755 blorti
487 3704 568 3755 Ultori
586 3705 719 3769 Augustus
741 3718 771 3752 en
791 3701 896 3753 dicavit.
915 3704 947 3752 ct'.
962 3701 1046 3766 Epist.
1065 3701 1085 3763 l,
1100 3702 1142 3764 18,
1151 3700 1195 3753 bo.

106 3800 132 3811 -
157 3773 250 3824 lanum
268 3776 383 3845 Quirini}
407 3774 435 3826 ln
454 3775 502 3825 lias
524 3791 552 3825 ro
571 3788 669 3824 summu
687 3774 798 3837 Augusti
817 3774 931 3823 cernitur
950 3770 1005 3822 laus
1038 3771 1119 3823 Nam:
1137 3770 1198 3829 „ln-

107 3857 161 3893 num
180 3844 331 3908 Quirinum,
352 3847 436 3912 iuquit
456 3847 594 3897 Suetonius
614 3846 676 3913 (θοι
705 3844 770 3909 tn),
789 3841 869 3894 semel
890 3852 967 3910 atque
988 3845 1111 3895 iterumn
1133 3856 1199 3892 eon-

107 3912 156 3963 dira
175 3914 244 3969 Urbe
270 3918 418 3977 memorium
444 3927 504 3968 arrte
531 3932 603 3967 auam
630 3915 745 3966 clausum
771 3916 797 3963 in
822 3914 902 3965 multo
928 3913 1048 3965 breviore
1073 3913 1196 3978 temporis

108 3985 186 4049 spatio
207 3994 275 4037 terra
293 3989 409 4054 marique
428 4002 493 4053 pace
515 3995 586 4053 parta
605 3994 645 4036 ter
664 3986 772 4036 clusit.“
818 3984 945 4035 Dicebant
971 3984 1074 4050 quidem
1103 3983 1197 4034 lunum

105 4054 243 4121 Quirinum,
259 4055 306 4108 sed
327 4073 416 4109 onrues
438 4058 512 4108 codd.
534 4058 645 4120 Quirini.
671 4056 786 4122 Reliquit
803 4055 923 4106 lloratius
943 4055 1077 4119 vulgarem
1095 4052 1195 4107 tormo-

106 4122 169 4189 laur,
196 4137 224 4178 ut
241 4128 331 4181 lanum
349 4128 492 4192 a'Quirino
510 4130 621 4195 positum
641 4128 776 4191 Quiritium
796 4142 855 4179 esse
874 4126 999 4176 indicaret
1024 4155 1061 4167 -
1079 4126 1197 4176 ordinem

104 4204 206 4267 redum]
237 4199 287 4252 Per
311 4198 381 4250 bella
405 4200 493 4261 civilia
523 4198 605 4265 pudor
628 4208 654 4251 et
674 4199 801 4250 severitas
828 4197 1003 4264 impudicitiae
1028 4204 1055 4247 et
1079 4194 1198 4249 luxurias

104 4278 248 4331 cessemut3
280 4272 392 4322 restituit
417 4279 540 4338 quantum
560 4269 664 4337 quidem
683 4270 766 4335 potuit
785 4269 917 4335 Augustus
942 4276 1027 4319 custos
1048 4281 1133 4317 mores
1154 4265 1197 4317 le-

105 4337 173 4397 pibus
201 4356 224 4395 a.
241 4341 298 4395 ,736
325 4341 359 4392 de
388 4341 512 4409 pudicitia
537 4349 615 4408 atque
634 4339 667 4391 de
685 4339 833 4390 maritandis
852 4337 985 4390 ordinibus
1005 4337 1120 4404 perlatis.
1161 4338 1197 4388 cl.

105 4405 180 4459 caro.
202 4411 245 4475 iv,
265 4414 291 4476 5,
307 4412 340 4462 21
352 4428 401 4480 sq„
418 4412 487 4481 quod
508 4428 610 4473 cnrrrren
631 4418 710 4461 totum
731 4426 789 4460 cum
808 4410 858 4461 boc
875 4412 994 4477 opposite
1015 4416 1194 4475 componatur.

106 4506 136 4519 -
157 4486 236 4555 ortu]
261 4482 447 4551 Intelliguutur
465 4482 615 4551 frugalitas,
642 4483 765 4549 patientia
784 4482 958 4548 paupertatis,
975 4482 1088 4544 iustitia,
1109 4480 1194 4531 conti..
