3117 5042
330 365 423 430 titt.
447 365 485 428 ΙΙ.
528 362 675 427 CARM.
696 362 808 426 xvttl.
831 361 915 424 xlx.
1115 361 1176 423 rto

481 544 681 619 Carmeli
713 544 804 618 th.

282 728 435 796 amnon
455 727 487 790 in
506 725 632 790 remotis
652 724 792 790 earmina
812 724 940 808 rupibus

285 837 357 902 tuti
377 835 547 912 docentem,
568 834 684 897 credite
705 833 839 915 posteri,

325 945 543 1027 Nymphasque
563 943 716 1006 discentes
737 950 769 1004 et
789 960 882 1007 aures

369 1051 576 1135 Capripelum
590 1050 776 1128 Satyromnr
799 1055 915 1113 acutas.

261 1225 383 1289 ollroe
401 1225 517 1289 recenti
538 1241 624 1292 nens
645 1224 781 1307 trepidat
800 1230 901 1302 matu,

295 1336 449 1417 Plenoque
468 1333 580 1397 Bacchi
602 1340 728 1416 pectore
747 1331 901 1398 turbidum

336 1441 496 1506 Laetatur.
539 1441 626 1504 llvoe
646 1458 740 1521 parce
761 1439 872 1515 Liber,

373 1552 470 1613 Parce
488 1551 581 1632 gravi
602 1547 762 1612 metuende
787 1548 904 1624 thyrso.

289 1727 353 1790 Fas
373 1728 552 1809 pervicaces
567 1733 615 1791 est
636 1727 710 1791 milri
730 1726 891 1804 Thyiadas

517 1905 669 1959 Carmen
694 1906 761 1958 lllll.

183 1996 219 2048 Ex
236 1997 457 2064 dithyramborum
478 2016 576 2070 genere
598 2009 639 2053 est
658 2001 709 2052 hoo
729 2016 849 2064 carmen,
869 1999 954 2051 simile
973 2000 1057 2052 Garm.
1076 2001 1121 2066 lll,
1142 2001 1185 2054 25.
1286 2057 1288 2062 ,

110 2063 185 2134 Fingit
199 2077 284 2120 nutem
302 2079 391 2136 posta,
410 2087 471 2122 curn
488 2072 556 2123 forta
575 2075 602 2124 in
622 2072 716 2124 abditis
735 2071 810 2124 silvis
832 2073 945 2123 carmina
954 2073 1081 2124 meditans
1103 2089 1186 2140 vaga-

108 2145 183 2202 retur,
199 2141 323 2193 incidisse
343 2157 373 2192 ro
393 2143 420 2193 iu
437 2143 568 2194 Bocchum
591 2143 700 2211 eiusque
718 2144 818 2194 turbam
838 2143 1014 2210 Nympharum
1032 2153 1059 2195 et
1077 2145 1186 2209 Satyro·

105 2223 159 2288 ru
201 2210 262 2264 Trnn
288 2221 317 2263 et
339 2212 431 2264 lrorror
448 2221 475 2264 et
494 2215 592 2266 laetitia
610 2214 686 2265 simul
705 2217 818 2265 animum
836 2222 980 2282 oocupaut;
1010 2217 1090 2266 sentit
1108 2216 1185 2267 homo

105 2288 224 2345 tuentem
244 2284 297 2334 viar
315 2286 438 2349 numinis,
459 2300 511 2353 qno
526 2292 620 2352 peetus
639 2285 725 2336 subito
743 2286 873 2352 impletur.
906 2286 1002 2337 Divino
1021 2286 1185 2353 [irroreper-

105 2350 160 2401 citus
176 2367 226 2403 non
243 2361 332 2420 potest
352 2353 440 2406 iacere
459 2358 521 2422 quin
540 2371 629 2407 saeros
647 2371 741 2407 sensus
758 2357 837 2408 animi
864 2357 1022 2424 proiuadnt,
1051 2356 1187 2425 quindei,

104 2422 166 2472 ruins
182 2427 287 2477 nurnine
306 2424 402 2492 plenus
423 2435 481 2492 est,
511 2427 601 2478 laudes
621 2426 673 2479 alta
693 2439 761 2482 uoce
777 2434 862 2478 canat.
913 2427 970 2490 Quo
989 2427 1077 2479 furore
1096 2428 1186 2479 divino

104 2488 186 2544 luctum
203 2504 262 2559 ast,
278 2505 311 2547 ut
329 2512 407 2564 quarn
426 2498 495 2564 apud
513 2498 644 2549 Horatium
665 2499 762 2565 ubique
781 2498 947 2564 conspicuam
966 2497 1106 2550 habeamus
1125 2514 1186 2549 oer-

103 2568 145 2613 ttur
162 2568 278 2619 cruminis
307 2570 488 2620 oeconomiam
507 2584 560 2619 uon
583 2571 743 2635 reperiamus
761 2568 839 2622 aliam
851 2607 860 2633 ,
892 2570 942 2620 nisi
964 2570 1066 2637 quoda
1087 2570 1187 2620 minore

103 2633 211 2688 miraculo
229 2638 261 2689 ad
276 2639 380 2690 maiora
397 2655 501 2707 semper
517 2639 658 2690 adscendet
683 2642 815 2708 tonusque
833 2654 919 2691 rarum
935 2648 1042 2692 naturae
1060 2644 1187 2693 victorem

103 2716 129 2751 tt
147 2704 271 2760 dominum
291 2709 427 2761 Bacchum
447 2710 571 2774 celebret,
586 2718 688 2775 temam,
707 2711 834 2774 homiues,
853 2726 938 2775 mare,
958 2713 1095 2780 figentes,
1114 2713 1185 2763 inlo-
1268 2759 1269 2764 ,

103 2787 176 2829 torum
191 2789 307 2832 monstra
328 2781 391 2832 ltuie
408 2783 453 2832 uui
471 2797 564 2848 parere
581 2780 684 2832 clamet.
735 2782 775 2834 Do
803 2781 954 2833 elocutione
983 2783 1048 2833 haee
1077 2784 1182 2836 lanius:

102 2843 138 2908 „lu
154 2855 200 2900 tom
218 2850 334 2903 excelsis
352 2852 472 2903 sensibus
494 2851 649 2904 elocutionis
675 2853 751 2904 etiam
778 2867 830 2919 qua
855 2851 894 2902 iili
922 2853 1064 2905 efferuntur
1088 2869 1188 2906 summa

103 2922 125 2964 et
139 2920 262 2986 aptissima
284 2922 401 2990 dignitas
420 2931 467 2974 est.
504 2923 551 2973 Est
569 2924 637 2973 enirn
658 2922 734 2987 talis,
759 2939 826 2991 quae
845 2922 938 2976 deccat
957 2925 1070 2976 furorem
1088 2923 1185 2975 anthu-

102 2987 192 3054 siasmi,
211 2991 243 3042 ab
263 3009 319 3044 uuo
340 3010 422 3045 sensu
441 2994 473 3045 ad
492 2993 617 3058 alterum,
637 3002 666 3044 ut
682 2993 784 3046 [lamma
802 3009 849 3061 per
868 2994 975 3059 taedas,
996 2997 1118 3046 continuo
1140 3010 1184 3046 nr-

102 3054 155 3137 tlore
170 3073 370 3130 properantem,
398 3064 463 3116 nulli
481 3063 525 3115 din
544 3066 751 3116 immorantem«.
775 3096 811 3107 -
846 3063 903 3128 Quo
926 3073 1043 3133 tempore
1060 3067 1184 3134 scriptum

102 3135 235 3186 ritoarmen
257 3135 327 3187 nihil
352 3143 392 3187 est
409 3136 478 3187 unde
497 3134 633 3187 efficiatur.

158 3229 188 3279 V.
204 3233 227 3281 l.
246 3230 397 3303 Bacchea}
420 3229 445 3282 le
464 3230 528 3282 deus
546 3239 637 3281 auctor
655 3238 696 3281 ast
715 3231 804 3296 poesis
821 3229 910 3281 lurore
926 3230 1021 3297 planae
1042 3229 1137 3299 (Epist
1149 3231 1184 3295 ll,

100 3294 236 3368 ωαψς
256 3317 346 3370 quare
363 3304 486 3366 mysticos
508 3301 618 3367 hymnos
637 3300 732 3352 docere
750 3301 845 3352 dicitur
862 3303 978 3352 comites.
1000 3332 1031 3345 -
1052 3303 1081 3352 io
1098 3319 1185 3354 naro-

100 3367 127 3416 lt't
142 3373 251 3442 mom]
275 3373 347 3425 iiam
366 3372 433 3438 fugit
450 3372 528 3422 urbes
548 3381 574 3423 et
591 3370 879 3438 vulgariumhoininum
890 3380 995 3433 coetus3
1017 3372 1077 3422 iude
1089 3385 1186 3440 graeca

99 3437 180 3520 ὄρεφς
194 3442 411 3524 appellatum-
437 3443 570 3511 Nymphae
586 3450 611 3495 et
630 3444 860 3564 δαῳηέῡορωίιοε
877 3443 991 3505 Bacchi,
1013 3443 1084 3508 iique
1102 3445 1186 3509 aptis-

97 3513 574 3652 toruior-‘esitium
587 3518 688 3635 tilil
714 3512 1200 3650 roeistluleooueesN

99 3660 197 3705 succus
216 3670 314 3718 nures3
334 3655 423 3722 potius
443 3657 551 3708 attentio
562 3657 650 3708 animi
669 3662 696 3705 et
711 3654 865 3705 auscultatio
876 3656 944 3704 inest
954 3655 980 3704 iu
994 3655 1094 3704 anuum
1108 3668 1187 3720 prae·

99 3719 163 3786 tipus
180 3727 443 3780 commemoratione.
471 3758 503 3768 -
541 3726 626 3794 Eone]
646 3725 722 3788 ευόῖ,
742 3724 920 3775 &cohortium
939 3722 1105 3785 exclamatio,
1136 3738 1188 3792 qun

99 3789 191 3846 illinon
207 3797 258 3848 deo
279 3806 434 3863 correptum
452 3813 482 3848 se
502 3797 613 3860 indicut;
643 3795 738 3847 deiude
764 3795 869 3845 metui.
890 3809 913 3844 e.
935 3793 1043 3846 horrore
1064 3793 1187 3859 impletur

98 3869 376 3931 imperterritum,
403 3867 502 3918 laetitia
525 3876 632 3934 propter
658 3865 798 3933 benignam
823 3866 935 3915 numinis
954 3866 1122 3915 maiestatem.
1151 3895 1186 3908 --

97 3941 192 4004 tmen]
210 3942 290 3992 etiam
312 3948 397 4001 tuno,
415 3953 524 3990 eumer
542 3938 615 3989 silvis
635 3937 717 3987 redux
734 3951 802 4003 quae
820 3936 915 3994 viderit
934 3944 1028 3986 narrat.
1076 3935 1188 3987 Immor-

97 4004 173 4058 talium
190 4013 345 4077 praeseutia
363 4007 515 4059 mortalibus
532 4024 636 4075 semper
654 4007 802 4072 horribilis,
833 4007 953 4073 civirgt
972 4007 1038 4062 Aen.
1059 4006 1104 4070 lv,
1123 4008 1185 4060 279.

97 4072 158 4128 llum.
176 4079 206 4132 ll.
225 4081 282 4144 XX,
307 4080 370 4131 131.
392 4110 426 4120 -
445 4080 573 4130 turbidum
594 4079 718 4149 luctatur]
737 4078 799 4130 vide
818 4077 849 4128 ad
871 4078 954 4128 Carnu.
973 4077 1005 4140 ll,
1027 4079 1068 4141 12,
1089 4079 1130 4131 14,
1154 4112 1186 4123 -

96 4155 176 4265 ἴτω]
191 4154 414 4270 Ἀναδίπλωὲἶς
435 4158 474 4200 ost
484 4153 569 4270 tenixe
580 4149 729 4216 preeuntis3
749 4157 911 4269 ⁹².tpsf³⁰³.¹¹¹‘
930 4147 1043 4268 q'uidega
1064 4164 1098 4270 nl?
1111 4152 1190 4234 nimio

120 4233 181 4285 rora,
217 4239 278 4278 uem
299 4237 362 4273 mor
400 4233 481 4286 epec
494 4238 523 4272 us
542 4236 698 4287 caperonem
712 4235 803 4286 possi,
822 4236 848 4270 m
865 4235 991 4270 insaniam
1028 4235 1074 4271 aec
1093 4230 1190 4272 autrum

138 4298 182 4344 tur.
201 4323 236 4337 -
256 4295 285 4346 tl
305 4309 352 4344 rso
383 4291 410 4341 tlr
431 4308 487 4342 rsus
509 4293 582 4343 hasta
620 4307 659 4342 am
681 4292 731 4341 iuis
752 4298 779 4341 et
797 4289 894 4340 hedera
915 4291 1008 4341 cincta.

97 4299 138 4356 tt·
198 4240 214 4291 q
285 4312 303 4362 a
352 4295 364 4361 l
412 4306 429 4357 t
501 4285 504 4296 '
602 4307 618 4358 u
663 4307 678 4357 n

155 4397 183 4447 t.
200 4397 226 4449 9.
248 4399 314 4467 Far]
341 4395 401 4459 Quo
422 4397 526 4447 nomine
545 4411 603 4447 curn
623 4395 704 4464 vulgo
721 4394 884 4461 significetur
898 4395 968 4462 quod
987 4395 1093 4454 iustum,
1112 4394 1191 4458 pium,

95 4457 180 4519 licitum
198 4478 247 4534 est,
268 4469 320 4520 arc·
333 4466 465 4518 iudicatur
481 4475 584 4534 poetam
602 4468 630 4518 in
649 4482 679 4518 se
699 4481 768 4517 uunc
790 4464 938 4518 facultatem
953 4467 1052 4516 sentire
1069 4464 1146 4515 deum
1160 4472 1187 4515 et

70 4579 76 4589 ·
133 4564 233 4609 limatius
247 4568 282 4611 eil
300 4565 466 4617 Dillenbnrrer.
940 4571 985 4636 10
