3117 5042
783 386 1060 456 conminuit

543 585 557 626 a
576 564 619 629 st·
631 586 690 629 non
711 568 863 633 Acrisium
881 571 1020 652 virginis
1033 573 1159 640 abditae

571 674 733 758 Crastodern
754 676 899 757 pavidum
920 680 1058 760 luppiter
1079 689 1111 744 et
1130 684 1246 761 vesu,

574 782 743 846 liisissent:
764 786 935 857 ioreenian
955 793 1052 852 tutam
1072 788 1133 852 iter
1157 799 1189 856 et
1210 799 1322 873 uatem

657 888 817 954 Conversa
839 892 871 956 iu
896 895 1028 975 pretium
1050 896 1118 960 deo.

574 1037 689 1102 burun
710 1038 767 1121 pe'r
787 1041 903 1105 modios
927 1041 973 1104 ire
993 1041 1146 1108 satellites

526 1164 554 1207 so
575 1147 616 1211 bit
635 1166 834 1229 perra-pere
855 1156 939 1212 anat
961 1169 1041 1215 saxa
1063 1154 1217 1233 panutius
1253 1198 1258 1203 -

572 1254 637 1316 lctu
659 1253 823 1316 fulmineo:
846 1255 979 1320 concidit
997 1259 1127 1340 auguris
1149 1312 1151 1319 .

654 1360 764 1443 Argivi
785 1361 892 1425 binus
913 1362 952 1427 ob
973 1364 1090 1428 lucrum

571 1510 719 1573 berneres
739 1508 855 1588 exitio-3
875 1510 989 1575 diffidit
1008 1512 1131 1577 nrblurn

574 1618 683 1680 Portas
704 1617 761 1679 vir¹
774 1618 904 1682 Macedo
928 1625 959 1682 et
979 1618 1101 1684 subruit
1120 1622 1256 1684 aemulos

520 1741 549 1787 aa
568 1722 672 1807 lleges
695 1725 893 1804 muneribus;
914 1746 1041 1792 munera
1063 1724 1186 1792 narium

654 1831 775 1896 Saevos
796 1834 966 1917 illaqueant
988 1835 1088 1915 duces.

544 1981 765 2046 trementem
789 1983 927 2066 srqdm
948 2002 1025 2049 cura
1049 1985 1207 2066 pecaniam

569 2091 785 2173 'blaiorurnqne
806 2093 912 2155 iarnes.
955 2093 1026 2154 lure
1045 2092 1207 2175 perhorrui

571 2196 648 2262 bate
670 2198 864 2279 conspicuum
886 2201 998 2262 tollere
1020 2201 1187 2280 verticem,

517 2304 548 2371 ao
648 2306 834 2387 Maecenas,
856 2307 989 2390 equiturn
1010 2308 1112 2373 decua

369 2472 428 2529 dans
448 2471 568 2523 libertate
586 2487 643 2523 cum
661 2472 694 2524 ab
712 2479 776 2539 part.
795 2471 968 2540 coniungitur,
986 2471 1047 2541 quia
1064 2468 1134 2541 quod
1148 2470 1261 2524 munitur
1271 2468 1346 2522 simul
1365 2466 1396 2521 ah
1408 2464 1452 2521 nt-
1522 2456 1523 2483 ³

369 2547 437 2597 raico
458 2543 546 2611 aliquo
567 2543 663 2608 irnpctu
682 2544 836 2595 detenditur.
857 2574 892 2586 -
911 2546 979 2612 fors}
1003 2543 1088 2597 Potuit
1105 2544 1337 2609 infinitivus-poni,
1355 2542 1413 2609 quia
1430 2541 1453 2589 ir

370 2616 475 2668 eldeardi
494 2612 565 2664 vorbi
584 2616 690 2669 nodone
710 2616 779 2666 inest
796 2613 871 2669 simul
894 2613 976 2665 altera
995 2613 1097 2666 dicendi
1116 2615 1277 2681 sciendique.
1306 2611 1341 2663 ci.
1362 2611 1452 2677 Zunrpt

369 2701 412 2753 gr.
432 2684 476 2735 lat.
495 2686 522 2746 δ.
541 2684 602 2738 620.
625 2715 655 2727 -
674 2684 795 2756 pretium}
816 2685 872 2735 lloc
891 2686 1010 2751 quamvls
1030 2701 1120 2737 aurum
1140 2687 1279 2752 significet,
1299 2700 1350 2735 non
1369 2682 1454 2733 abiecit

370 2770 443 2807 snam
461 2764 589 2815 naturan13
616 2753 665 2807 init
686 2756 754 2807 enirn
772 2770 862 2806 aururn
883 2758 993 2821 pretium
1010 2756 1105 2819 etianr,
1124 2772 1176 2826 quo
1196 2755 1324 2822 corruptis
1346 2751 1454 2805 custodi·

369 2827 419 2877 buc
440 2826 505 2877 dens
523 2826 650 2877 admissus
673 2834 720 2877 ast.
741 2856 776 2868 --
794 2826 927 2895 amenitas]
948 2834 1123 2890 tyrannorum.
1143 2857 1178 2871 -·
1195 2842 1364 2895 perrumpere
1382 2824 1452 2891 cml

370 2896 519 2963 lietapbora
552 2895 748 2964 haudquaquam
776 2897 931 2962 premenda;
958 2900 1027 2948 saxis
1045 2899 1114 2948 enim
1133 2895 1197 2948 nihil
1216 2896 1305 2948 durius
1326 2902 1380 2959 est,
1408 2891 1454 2944 inl·

369 2970 440 3020 mine
458 2967 523 3018 nibil
542 2965 690 3019 violentius.
730 2966 831 3030 Quanta
849 2969 928 3034 igitar
946 2969 1001 3019 auri
1020 2969 1069 3032 ris,
1088 2969 1110 3019 si
1131 2977 1268 3035 utrumque
1288 2964 1408 3034 superati
1426 2990 1455 3003 -

365 3040 504 3110 potamus]
540 3038 670 3090 Positivus
688 3047 729 3088 est
746 3040 803 3089 Art.
825 3046 894 3103 poet.
915 3036 968 3103 40,
986 3038 1129 3091 acrioribus
1147 3036 1317 3106 scriptoribus
1336 3036 1454 3090 usitatior.

368 3139 403 3153 -
436 3113 518 3177 amat]
538 3108 649 3159 vidend
670 3107 754 3161 Carra.
775 3108 854 3172 lt,3‚
875 3109 916 3161 10.
951 3139 982 3152 -
1023 3111 1142 3178 usauria}
1163 3110 1321 3176 Amphiarai,
1343 3109 1386 3178 qui
1405 3119 1454 3157 eun
1521 3122 1522 3153 ;

370 3180 450 3229 latum
469 3177 538 3245 quod
555 3177 605 3229 sibi
624 3179 750 3242 instaret,
777 3181 799 3229 si
821 3196 879 3231 cuns
903 3178 1030 3244 Polynice
1050 3180 1149 3231 Thebas
1164 3179 1368 3247 aggrederetur,
1394 3177 1455 3228 benc
1521 3206 1522 3239 ι

368 3250 448 3303 sciret
464 3257 543 3315 atque
562 3251 656 3300 iturum
673 3266 702 3300 sc
720 3258 870 3302 constanter
887 3259 1005 3316 negaret,
1025 3251 1127 3301 tandem
1146 3249 1286 3317 Eriphylae
1304 3265 1320 3300 a
1337 3247 1456 3315 Polynice
1521 3250 1522 3297 1

368 3333 448 3370 aureo
467 3317 557 3370 monili
580 3327 718 3386 corruptae
736 3320 857 3386 precibus
876 3328 902 3371 et
919 3320 1142 3372 adhortationibus
1161 3323 1240 3372 cessit
1257 3320 1290 3371 ln'
1302 3323 1456 3385 mortemque

367 3390 441 3442 abiit
483 3389 519 3443 ei.
534 3388 608 3439 Hom.
628 3389 675 3440 Od.
695 3389 739 3454 xl,
759 3391 821 3443 325.
857 3388 938 3442 Filius
959 3390 1100 3442 Alcmaeon
1119 3400 1218 3458 patrem
1237 3391 1339 3443 ulturus
1358 3398 1456 3443 matrem

369 3460 475 3525 occidit,
496 3461 553 3527 ipse
573 3460 606 3511 ob
627 3461 695 3511 idern
713 3460 811 3512 mouile
828 3477 844 3512 a
862 3458 984 3513 iratribus
1003 3463 1090 3513 uxoris
1109 3472 1217 3515 necatus
1235 3470 1286 3513 cst.

440 3565 470 3617 v.
492 3563 533 3617 13.
551 3563 654 3633 diffidit]
678 3563 793 3630 Egregie
813 3562 863 3615 boo
881 3564 913 3614 ad
929 3565 1033 3614 nimiam
1052 3566 1108 3615 auri
1126 3568 1275 3631 potentiana.
1305 3564 1353 3617 Sic
1372 3563 1457 3617 orceo

368 3634 402 3686 de
416 3635 495 3687 divin.
516 3634 536 3697 l,
550 3632 581 3684 13
600 3651 663 3684 saco
685 3635 789 3700 diffisso.
810 3666 841 3677 -
859 3637 903 3685 cic
923 3635 1050 3754 Macedoh
1065 3634 1209 3701 Philippus,
1227 3635 1458 3704 alexandrinusc,

369 3706 472 3774 dequo
493 3704 586 3756 Cicero
609 3704 640 3754 ad
660 3706 710 3755 Att.
732 3704 751 3767 l,
765 3705 813 3758 16:
835 3704 942 3769 „Omnia
959 3713 1031 3755 caste
1053 3722 1068 3755 ιι
1085 3709 1228 3773 expugnari
1248 3721 1330 3772 posse
1350 3706 1457 3767 dioebat,

368 3778 396 3828 in
415 3791 483 3845 quae
502 3777 578 3826 modo
596 3773 694 3826 asellus
716 3778 785 3825 aaro'
794 3783 902 3826 onustus
920 3776 1062 3827 ascendere
1082 3770 1195 3843 nosset«
1214 3808 1249 3822 -
1267 3778 1381 3850 ιιώηόι]
1404 3780 1459 3832 Pto·

368 3850 425 3914 urie
435 3848 542 3899 arbores
560 3859 575 3896 a
596 3844 726 3896 radicibus
743 3853 789 3896 aut
809 3847 912 3897 moenia
928 3846 1049 3897 cuniculo
1069 3846 1241 3911 subruuntur3
1258 3850 1299 3900 sie
1318 3851 1416 3900 eximia
1434 3847 1456 3897 b.

366 3919 385 3970 l.
404 3921 485 3971 oritur
502 3918 589 3984 imago
607 3930 697 3983 regam
716 3915 823 3969 tinnitor
842 3925 958 3968 storeae
977 3916 1145 3981 credentium,
1165 3917 1231 3969 clarn
1253 3934 1319 3971 vcro
1341 3921 1459 3971 submo-

365 4005 430 4042 ram.
461 4020 494 4030 -
527 3989 646 4059 munera!
665 3986 908 4054 conduplicatioad
926 3989 1023 4039 variana
1038 3990 1091 4040 rim
1104 3990 1159 4039 auri
1177 3989 1458 4057 oroendcndataapt‘a-

366 4061 432 4111 sinna
446 4058 537 4126 bgarn.
564 4088 599 4101 -
625 4059 730 4109 nanum
748 4059 833 4131 duceq
852 4057 1009 4111 Menodorus
1027 4075 1048 4111 s.
1067 4059 1155 4110 blenau
1175 4060 1221 4112 Cra
1243 4061 1365 4128 Pompeii
1383 4061 1459 4112 liher-
1520 4100 1521 4103 ,

367 4137 426 4193 tua,
449 4131 473 4182 S.
495 4129 609 4196 Pompeii
628 4128 680 4179 dux
697 4128 804 4195 classis,
821 4145 884 4181 auro
911 4134 1002 4196 'capas
1024 4128 1058 4181 ad
1076 4126 1244 4185 Octavianum
1262 4130 1387 4196 descint,
1405 4130 1459 4182 dein

367 4200 418 4251 boe
435 4198 527 4251 relicto
544 4201 577 4251 ad
595 4199 744 4264 Pompeiana
762 4201 848 4264 rediit,
865 4209 918 4253 turn
938 4202 1031 4252 iterum
1049 4210 1186 4267 corruptus
1205 4196 1238 4252 sd
1255 4202 1370 4255 alterurn
1389 4202 1460 4255 deic-

366 4274 411 4323 cit.
432 4299 467 4313 -
486 4274 565 4340 cura]
582 4286 615 4321 ne
640 4269 796 4336 pendentum
814 4274 905 4339 foma,
925 4278 953 4323 ut
970 4279 1116 4338 augeantur
1133 4272 1247 4325 divitiae
1258 4304 1288 4316 -
1311 4273 1458 4344 perbonus]

365 4340 478 4395 vidend
496 4339 579 4393 Cano.
599 4340 620 4402 l,
642 4344 665 4403 1,
685 4339 764 4390 8...
794 4344 904 4408 equam
923 4341 1009 4408 dem}
1030 4342 1111 4393 Recte
1129 4343 1148 4393 ii
1169 4345 1213 4412 qai
1233 4347 1382 4411 quaesitum
1402 4346 1461 4397 hanc

366 4410 743 4536 congellan'fonedmidtcebant
794 4413 879 4467 Etiam
902 4412 1040 4469 blaacenas
1066 4422 1169 4482 potunt
1189 4428 1251 4469 esse
1277 4414 1368 4469 maior
1390 4430 1461 4487 quan

365 4499 426 4535 voe
520 4519 527 4534 ο
546 4496 562 4531 fl
610 4521 619 4547 5
657 4516 665 4544 5
706 4516 714 4533 ο
