3117 5042
432 394 526 460 tto.
551 395 589 459 ll
632 394 780 461 cdliii.
803 396 853 461 Vl.
876 398 941 460 i'll.
1184 403 1245 462 m

386 575 481 658 Frcgi
503 583 668 641 coraustus
693 579 843 650 nitentes]

427 684 626 749 malobathro
643 686 739 764 Syrio
756 686 901 768 capillos.

345 835 458 897 Teum
478 833 638 916 Philippos
659 841 691 896 et
711 835 843 897 celerem
865 837 973 916 iugum

294 960 323 1004 m
342 937 433 1006 Sensi
456 942 566 1005 relicta
590 961 650 1004 uon
674 942 751 1005 benc
773 943 936 1024 parmula,

384 1049 460 1114 Cum
484 1052 585 1114 fracta
607 1051 706 1113 virtus
727 1059 758 1112 et
778 1052 913 1114 minaces

424 1159 530 1240 Turpe
552 1159 651 1223 solum
673 1160 806 1241 tetigere
824 1165 937 1223 mento.

343 1304 404 1367 Sed
427 1324 475 1369 mc
497 1326 553 1389 per
574 1307 678 1368 bootes
700 1308 874 1369 lilercurius
894 1307 978 1371 celer

342 1414 445 1476 llenso
467 1422 630 1496 paventem
650 1415 775 1478 sustulit
795 1423 888 1492 uerc3
930 1407 942 1432 ‘

289 1538 318 1582 rs
376 1523 424 1585 'i'e
442 1540 551 1585 rursus
572 1524 603 1586 iu
625 1523 737 1586 bellurn
760 1523 926 1588 resorbens

423 1630 511 1694 {itudo
532 1631 621 1694 tretis
640 1632 712 1694 tulit
732 1632 895 1694 aestuosis

340 1779 426 1863 Ergo
446 1781 618 1864 obligatam
638 1782 735 1846 redde
750 1782 821 1847 lovi
843 1784 971 1868 dapem,

341 1888 510 1972 Longaque
529 1892 643 1954 sessum
664 1891 777 1962 militia
799 1891 881 1956 latus

126 2073 301 2132 quaererent.
352 2066 393 2119 Ad
412 2083 454 2120 vv.
474 2071 535 2123 l.8
563 2069 683 2122 coelem
708 2070 790 2123 Germ.
811 2071 844 2136 ll,
863 2072 890 2137 3,
911 2073 944 2125 13
969 2080 997 2125 ct
1023 2089 1091 2142 quse
1116 2074 1148 2125 sd
1173 2090 1232 2128 eum

126 2135 221 2188 locum
240 2145 329 2189 notatu
350 2146 417 2190 sunt.
453 2139 517 2192 llam
535 2140 723 2194 llulobatlrrunr
742 2143 844 2208 Syrium
864 2145 881 2195 i.
902 2159 925 2194 c.
947 2144 1062 2196 indicum
1084 2144 1182 2214 (Garm.
1198 2146 1232 2212 li,

127 2209 180 2273 11,
200 2208 245 2260 to.
262 2207 285 2272 1,
303 2209 349 2273 31,
370 2212 416 2278 tt)
434 2220 593 2279 unguentum
615 2221 655 2265 est
675 2228 709 2264 ex
727 2216 884 2280 cognomino
904 2214 997 2266 lrutics
1018 2232 1177 2282 expressum.

183 2303 233 2354 Ν.
254 2303 280 2355 9.
299 2305 432 2372 Siquidem
451 2308 630 2360 conuiuiorum
649 2317 722 2376 gruta
740 2317 782 2360 cst
797 2311 937 2375 uremoriu,
955 2326 1007 2361 uon
1027 2313 1128 2378 ingrata
1145 2319 1232 2362 umen

124 2380 173 2424 est
189 2373 267 2424 simui
288 2389 470 2443 perpessorum
488 2378 632 2441 mulorum3
662 2395 725 2447 quus
749 2383 892 2431 contrarius
909 2396 952 2431 res
966 2381 1026 2432 vide
1045 2389 1073 2431 ut
1094 2389 1172 2448 pocta
1189 2381 1231 2431 di-

123 2445 216 2495 rersis
236 2446 527 2512 strophis'distraxerit.
563 2450 614 2502 Sed
635 2452 801 2516 pervenimus
820 2451 851 2501 sd
870 2450 966 2515 locum,
987 2454 1079 2518 inquo
1099 2456 1231 2517 interpre-

123 2514 209 2566 tando
223 2517 275 2567 viri
295 2516 364 2568 docti
382 2519 409 2569 in
427 2518 478 2571 elio
496 2521 583 2571 omniu
602 2520 785 2573 discesserunt
822 2522 937 2572 Pessima
958 2530 999 2573 cst
1017 2533 1105 2572 eorum
1123 2531 1231 2573 seuten-

123 2587 183 2648 tia‚
208 2588 253 2655 qui
277 2588 420 2641 timiditatis
448 2598 475 2640 ut
504 2593 626 2658 ignavius
650 2600 750 2659 turpem
770 2592 898 2658 quandam
923 2592 1114 2644 consessionem
1134 2595 1160 2644 in
1180 2593 1232 2644 hoc

124 2656 191 2707 loco
209 2657 312 2709 odorati
334 2669 400 2711 sunt
446 2660 512 2724 Quid
533 2661 624 2714 euim?
660 2664 686 2714 st
709 2678 739 2712 ea
758 2677 821 2713 veru
840 2671 911 2714 esset
929 2665 1076 2726 sententia,
1101 2664 1231 2731 quomodo

123 2727 235 2779 taudem
253 2728 322 2779 idem
342 2730 462 2782 Horatius
479 2731 560 2799 Epist.
582 2733 602 2797 l,
621 2732 670 2796 20,
691 2734 726 2785 23
751 2748 784 2783 oo
802 2734 924 2801 progredi
944 2736 1073 2800 potuisset
1090 2736 1229 2787 iactantiae

123 2807 155 2850 et
175 2802 358 2866 moguntiae,
378 2810 407 2852 ut
425 2804 515 2867 primis
534 2819 563 2854 se
582 2804 643 2855 olim
665 2803 796 2870 placuisse
816 2804 878 2855 belii
898 2804 1006 2856 ducibus
1025 2806 1108 2872 palam
1127 2805 1228 2872 gloria-

121 2868 224 2920 retur?
260 2871 424 2938 Quapropter
442 2872 491 2924 hoc
509 2874 585 2926 dicit:
613 2882 655 2939 „tu
674 2875 735 2924 milri
756 2890 844 2926 comes
864 2890 921 2926 eras
942 2875 1009 2941 apud
1029 2876 1172 2942 Philippos,
1189 2877 1228 2928 ibi

123 2947 156 2990 tu
186 2955 289 2991 meeum
308 2944 412 2994 sensisti
437 2943 537 2996 cladem
556 2953 583 2996 et
601 2946 714 3010 iugum,
747 2960 823 3011 quam
846 2945 952 2996 Brutum
974 2946 1057 3011 ipsum
1087 2954 1226 3013 autequam

122 3020 239 3062 nortem
258 3011 310 3062 sibi
327 3013 400 3065 daret
417 3017 509 3066 umieis
526 3023 615 3067 sctum
634 3014 829 3081 aufugientibus
848 3015 1018 3067 veliementer
1037 3017 1152 3068 suasisse
1170 3018 1225 3067 sci-

122 3097 191 3134 mus.
230 3082 284 3134 Sed
302 3085 329 3134 in
348 3085 398 3134 boc
423 3100 526 3153 quoquc
552 3086 612 3137 loco
639 3087 767 3136 festivitas
795 3086 921 3154 quaedum
946 3085 1015 3137 bens
1040 3086 1152 3137 notanda
1178 3096 1226 3154 cst,

124 3167 175 3218 per
195 3160 278 3204 tntum
298 3170 402 3206 carmen
416 3157 480 3206 mire
503 3156 628 3224 dispersa
647 3185 681 3198 -
717 3156 798 3226 Turpe
819 3157 900 3208 solum
919 3159 1025 3226 tetipsrc
1042 3162 1137 3228 meato]
1160 3156 1225 3210 Cum

121 3224 224 3274 virtuts
244 3226 295 3274 istu
312 3225 380 3275 nihil
397 3226 546 3278 alliceretur
564 3236 591 3278 ot
609 3242 702 3294 magno
721 3243 782 3294 pars
803 3227 1001 3280 fortissimorum
1021 3229 1224 3280 commilitonum

119 3295 150 3344 iu
168 3295 258 3361 iisqne
285 3295 377 3347 brutus
401 3296 530 3349 interlecti
546 3306 634 3349 essent
652 3300 677 3347 in
694 3297 850 3366 humumque
872 3301 992 3366 prostrati
1013 3302 1094 3351 miuus
1113 3308 1138 3350 et
1160 3301 1224 3352 irum

123 3366 203 3416 etism
227 3365 301 3415 vultu
316 3367 490 3419 ostenderent.
527 3368 651 3435 Numqui
670 3370 787 3420 minaces
805 3370 864 3420 idco
882 3370 941 3420 illos
960 3371 1106 3437 appellatos
1125 3370 1223 3434 dicunt,

120 3436 193 3503 quot
215 3436 292 3487 nimis
311 3438 375 3487 certi
397 3439 507 3516 iuispcut
526 3440 660 3499 victoriae,
681 3441 698 3489 ii
721 3439 858 3491 ludibrium
877 3440 982 3491 Horatio
1001 3442 1098 3492 addunt
1117 3441 1150 3490 eb
1165 3442 1225 3490 uni-

122 3521 166 3557 rno
186 3507 245 3557 cius
264 3506 459 3561 alienissimum.
501 3508 582 3578 Turpe
601 3517 686 3560 sutem
707 3509 791 3560 solum
811 3512 915 3576 poetice
937 3510 1039 3576 dicitur,
1056 3512 1178 3578 quoniam
1196 3512 1223 3560 iu

123 3592 156 3628 eo
176 3577 282 3628 macula
302 3577 383 3629 cludis
402 3589 429 3630 et
446 3580 612 3647 turpitudinis
634 3588 761 3647 conceptu
780 3589 828 3631 est.

193 3668 228 3716 V.
253 3665 296 3718 13.
316 3665 473 3737 lincurius]
495 3668 530 3718 Se
550 3683 597 3733 per
615 3667 703 3717 hostes
722 3682 736 3716 u
758 3667 885 3718 blercurio
907 3666 1036 3718 sublatum
1057 3666 1093 3717 sit
1113 3666 1130 3720 i.
1151 3681 1174 3716 e.
1195 3681 1225 3717 se

120 3735 225 3787 abiecta
244 3749 293 3801 sps
314 3744 341 3786 et
358 3735 495 3788 deficiente
515 3740 601 3788 animo
622 3742 786 3805 (pauentem)
805 3752 874 3787 arnis
895 3740 1015 3803 posuisse
1035 3744 1062 3787 et
1079 3735 1110 3786 sd
1128 3737 1222 3800 poesin

121 3808 293 3873 confugisse,
312 3807 423 3857 amicum
441 3811 467 3858 in
488 3808 584 3859 bollum
607 3823 667 3860 esse
684 3816 830 3858 retractum.
850 3807 935 3858 Csrm.
957 3806 1002 3869 lit,
1022 3805 1094 3869 mii
1111 3804 1221 3857 salntem

120 3892 149 3927 so
167 3879 300 3930 blusarnm
328 3877 425 3928 tutelae
454 3878 550 3930 debaro
577 3878 657 3940 dicit3
686 3878 828 3929 Mercurius
847 3886 931 3928 autem
955 3892 1006 3927 nou
1026 3878 1110 3927 minus
1131 3883 1220 3927 custos

119 3958 268 4014 postumus,
289 3947 478 3999 Mercurialium
499 3951 612 4001 virorum
630 3949 728 4012 (Germ.
742 3949 775 4009 il,
789 3950 830 4009 ¹7,
841 3949 898 4017 29).
926 3948 1062 4000 Praeterea
1081 3946 1222 3998 notandum

120 4029 158 4071 est
176 4020 313 4070 lictionem
339 4017 406 4069 hanc
423 4035 483 4071 csse
501 4019 670 4071 Homericum.
692 4019 713 4070 ll
741 4021 787 4078 tit,
810 4020 871 4072 380.
891 4020 920 4083 V,
941 4020 983 4070 tt.
999 4016 1060 4070 344.
1085 4019 1139 4082 itt,
1160 4018 1222 4074 325.

119 4087 146 4140 lu
164 4089 342 4157 sequentibus
362 4089 463 4141 duobus
481 4091 600 4142 versibus
620 4092 707 4156 inungo
727 4100 768 4142 est
788 4091 948 4157 auuulrsgio
961 4090 1050 4156 petitu,
1071 4089 1108 4139 ita
1125 4097 1221 4154 tamen,

119 4169 146 4211 ut
162 4163 245 4211 tacite
264 4159 425 4227 significetur
444 4162 593 4229 Pompeium
612 4176 694 4228 prope
714 4163 822 4212 invimm
849 4161 881 4211 ad
903 4158 1104 4211 continuandum
1121 4159 1220 4212 bellum

121 4238 230 4283 tractum
252 4230 342 4282 luisse.
380 4262 412 4274 -
453 4231 537 4301 Erpa]
559 4233 691 4284 Sententia
712 4234 750 4282 sic
770 4231 911 4283 cohaeret:
932 4230 970 4281 lix
989 4229 1083 4299 quibus
1101 4231 1221 4282 ductibus

123 4315 177 4353 eum
196 4310 225 4352 tu
246 4308 354 4369 quoque
371 4315 440 4353 nunc
458 4309 561 4368 ereptus
588 4304 639 4366 sis,
667 4303 776 4368 primum
803 4302 852 4354 diis
882 4303 979 4369 gratias
1006 4301 1086 4354 reddo
1111 4302 1222 4365 debitus,

124 4371 215 4424 deinde
238 4387 340 4423 mecum
359 4374 430 4423 vitus
450 4381 476 4423 et
495 4374 625 4423 amicitiae
643 4373 730 4424 fruere
748 4372 858 4439 gaudiis.
898 4373 972 4440 Erpo
991 4372 1117 4439 porticula
1135 4371 1221 4422 subito

125 4443 233 4509 quodum
253 4451 280 4493 ot
298 4441 380 4507 lyrico
400 4452 472 4495 motu
490 4444 522 4495 ad
541 4445 640 4494 initium
661 4445 780 4494 csrnriuis
801 4445 875 4511 qussi
894 4444 997 4495 reducit
1012 4444 1222 4495 amicissimum.

125 4543 154 4552 -
171 4514 321 4584 obligatam]
343 4513 393 4578 Qui
414 4531 445 4567 cs
465 4516 565 4583 magnis
583 4514 707 4582 periculis
725 4513 832 4566 deorum
850 4513 1105 4582 beneficiocripitur,
1124 4514 1146 4564 is
1158 4525 1221 4580 pro·
