3117 5042
722 358 1000 423 conminuet

467 566 496 608 ro
515 545 623 608 blorbo
647 545 800 620 virorum,
820 542 969 626 quidlibet
986 542 1135 621 impotens

557 651 694 734 Sperare
716 653 900 733 lortrtnaque
921 649 1002 711 dulei
1053 727 1057 732 .

600 758 715 836 buriam
736 758 791 821 sed
812 758 919 824 minuit
939 759 1073 824 turonem

517 911 578 975 vix
599 930 661 996 una
684 929 791 993 sospes
814 911 906 973 navis
927 909 968 972 ab
990 908 1131 990 ignibus,

517 1021 710 1102 Montemque
728 1017 917 1100 lymphatam
939 1016 1107 1080 Mareotico

463 1144 491 1189 rs
553 1127 687 1207 liedegit
709 1127 741 1190 in
763 1145 854 1188 veros
875 1125 1001 1188 timores

600 1233 719 1316 Caesar
740 1233 780 1296 ab
798 1233 891 1296 ltalia
914 1234 1068 1296 volantem
1109 1311 1111 1318 ,

516 1387 622 1450 liernis
642 1388 809 1469 adurgens,
829 1385 976 1466 accipiter
998 1385 1082 1446 velut

513 1495 625 1557 lllolles
649 1493 808 1557 columbas
828 1500 882 1557 aut
901 1494 1039 1574 leporem
1060 1492 1140 1554 nitus

556 1603 695 1666 Venator
716 1602 748 1664 in
768 1602 885 1681 eampis
909 1602 1022 1664 nivalis

463 1725 493 1770 no
591 1709 798 1788 Haemoniae,
821 1710 911 1771 daret
932 1716 965 1771 ut
984 1701 1101 1771 eatenis

494 1913 498 1918 .
516 1863 626 1926 Fatale
648 1869 839 1938 monstrum
861 1881 940 1944 quae
962 1860 1143 1956 generosius

517 1971 622 2032 Perire
644 1989 796 2053 quaerens
817 1990 874 2032 nee
892 1971 1088 2034 muliebriter

560 2078 695 2158 Expavit
717 2097 821 2142 ensem
843 2098 899 2140 nee
923 2080 1056 2140 latentes

317 2280 408 2329 insana
425 2277 521 2341 libido,
551 2295 603 2347 qua
628 2282 728 2331 animus
749 2279 825 2333 simul
845 2290 871 2332 et
890 2297 984 2349 eorpus
1006 2281 1178 2347 corrumpitur
1199 2287 1225 2330 et
1244 2271 1416 2332 deformatur.

317 2348 403 2412 Quare
424 2364 518 2415 magna
534 2350 602 2401 inest
620 2350 747 2402 acerbiter
759 2354 792 2410 ‚in
811 2354 1052 2416 nominenumine,
1072 2353 1145 2403 cuius
1163 2352 1246 2400 omnis
1261 2352 1303 2400 vis
1324 2367 1356 2402 ac
1375 2352 1418 2401 di-

317 2421 403 2486 gntus
422 2419 594 2487 epithetomm
613 2425 739 2488 pravitate
759 2428 840 2490 (turp.
861 2424 955 2488 morb.)
974 2421 1079 2473 tollitur.
1110 2454 1144 2464 -
1170 2424 1305 2488 impotens]
1327 2424 1418 2489 impo-

318 2497 376 2542 teue
397 2493 495 2557 estqui
517 2491 625 2542 libidine
641 2501 668 2542 et
688 2493 829 2558 cupiditate
848 2503 938 2559 captus
958 2493 1007 2544 sibi
1026 2495 1082 2560 ipse
1102 2501 1246 2559 temperare
1265 2495 1369 2562 nequit
1385 2523 1419 2534 -

318 2561 426 2626 fortuna
444 2561 523 2634 duim]
542 2562 604 2613 uide
622 2562 653 2613 ud
672 2562 755 2614 Carni.
775 2562 796 2626 l,
817 2562 858 2627 16,
877 2563 922 2616 23.

389 2655 420 2706 V.
442 2656 482 2705 13.
500 2659 626 2725 furorem]
646 2659 869 2726 intemperantiam
887 2669 914 2711 et
932 2660 1114 2728 arrogantiam,
1133 2675 1184 2729 qua
1202 2658 1333 2727 quidlibet
1352 2673 1419 2724 spe-

320 2736 379 2773 rare
395 2738 458 2773 ausa
477 2734 539 2776 erat.
556 2757 589 2769 -
610 2725 764 2797 lymphatam
783 2731 939 2800 Mareotico]
965 2732 1060 2782 lterum
1079 2730 1214 2782 obscurior
1224 2730 1308 2781 locus.
1336 2729 1418 2794 Lym-

320 2792 414 2858 pbatus
434 2795 501 2845 enirn
521 2803 562 2847 est
580 2797 805 2869 νυμφόληπτος,
830 2805 871 2851 cui
900 2802 1053 2867 anymplnis
1076 2802 1153 2852 vela
1180 2816 1339 2869 quocunque
1368 2800 1420 2850 (leo

319 2861 422 2914 subitus
440 2871 523 2916 terror
542 2867 651 2918 iniectus
673 2877 719 2919 est.
758 2870 844 2932 Quare
862 2880 979 2938 apertum
999 2881 1053 2934 est,
1071 2874 1183 2938 spectari
1203 2871 1315 2924 subitam
1335 2869 1420 2922 Cleo-

320 2941 409 2999 patrae
430 2950 463 2985 ex
480 2951 568 3003 pogna
585 2939 691 2989 Annaea
711 2940 797 3007 lugam
807 2980 816 3006 ,
841 2943 869 2992 in
889 2958 966 3010 quam
984 2957 1051 2994 veno
1075 2943 1187 3010 quodam
1205 2957 1306 3010 pauore
1324 2943 1421 2992 conie-

321 3012 363 3054 cta
379 3006 493 3056 Antonio
521 3006 613 3057 relieto
640 3010 787 3076 Aegyptum
809 3014 891 3077 petiit.
929 3013 1090 3076 Mareotico,
1115 3013 1184 3081 quod
1211 3012 1289 3064 dulce
1317 3013 1367 3062 luit
1392 3019 1420 3062 et

321 3072 497 3139 odoriferum,
522 3075 669 3130 luxuriosae
689 3083 794 3131 Antonii
812 3090 843 3132 et
861 3081 1016 3149 Cleopatrae
1037 3085 1243 3149 compotationes
1262 3083 1421 3150 significan-

322 3151 380 3204 tur,
403 3159 471 3224 'quas
498 3145 608 3197 ebrietur
629 3153 752 3216 'sequitur
772 3160 799 3202 et
825 3152 945 3215 „furiales
974 3156 1056 3205 somni
1080 3164 1107 3204 et
1135 3156 1237 3222 inquies
1256 3161 1421 3217 nocturnae,

323 3219 352 3261 ut
371 3210 469 3263 Plinius
486 3213 549 3266 dieit
569 3216 639 3268 ll.lt.
659 3220 774 3284 xlv,22.
805 3223 871 3274 Vino
888 3225 967 3290 igitur
986 3225 1029 3275 illa
1040 3226 1066 3275 in
1085 3239 1179 3276 vanum
1197 3228 1316 3277 timorem
1330 3225 1421 3276 bonn-

324 3296 372 3363 nes
390 3284 545 3365 coniiciendi
563 3288 602 3337 uis
620 3288 746 3341 tribuitur.
769 3294 801 3333 -’
821 3293 853 3344 ab
874 3293 954 3344 ltalia
970 3295 1108 3367 voluntem]
1131 3296 1158 3347 ld
1178 3299 1246 3347 enim
1264 3304 1422 3362 speraverat

323 3366 415 3433 insana
431 3352 539 3417 mulier,
569 3355 626 3408 lore
647 3367 674 3409 nt
696 3376 753 3411 cum
771 3362 885 3413 Antonio
912 3365 1012 3415 victore
1035 3368 1129 3416 victam
1151 3369 1228 3417 etiam
1247 3366 1349 3418 ltaliam
1371 3381 1420 3417 suo

324 3420 429 3473 arbitrio
450 3423 597 3478 subiiceret.
617 3460 650 3476 -ψ
669 3433 796 3499 accipiter
812 3433 890 3502 seht]
910 3434 983 3486 llum.
1006 3434 1036 3486 ll.
1059 3436 1137 3498 llllll,
1157 3438 1215 3489 139.
1241 3471 1274 3480 -
1302 3435 1422 3489 Haemo-

323 3494 396 3562 niae]
414 3493 447 3578 ab
465 3495 603 3560 Haemone,
624 3501 729 3568 antiquo
747 3517 820 3568 repe,
839 3503 954 3556 Thessali
975 3514 1057 3570 patre,
1074 3506 1210 3559 Thessalia
1227 3510 1266 3560 sic
1275 3510 1422 3560 nominata.

326 3560 438 3614 Ornandr
457 3580 534 3616 conon
553 3576 647 3620 certam
666 3578 759 3621 terram
779 3580 806 3623 et
822 3573 934 3625 tabulam
954 3578 1027 3642 quasi
1046 3580 1176 3643 proponit.

373 3692 375 3695 ι
398 3658 429 3708 V.
441 3659 491 3740 21.
516 3660 598 3727 sntnle
615 3672 771 3729 monstrum,
792 3672 868 3737 pone]
889 3670 1030 3722 blonstruru
1051 3672 1198 3738 appellatur
1218 3671 1375 3738 Cleopatra,
1394 3681 1424 3723 ut

326 3725 394 3790 apud
418 3726 571 3782 Ciceronem
598 3731 653 3784 Cat
671 3732 704 3797 ll,
723 3736 736 3785 i
754 3736 867 3788 Catilina
892 3739 980 3794 lureus
999 3741 1115 3793 audacia.
1163 3744 1202 3795 lle
1223 3743 1337 3794 relativo
1358 3760 1424 3810 pro·

326 3797 431 3848 nomino
446 3798 506 3882 vide
524 3800 623 3869 Zumpt.
645 3819 683 3869 gr.
704 3802 747 3855 lat.
768 3809 795 3868 §.
808 3807 869 3861 368.
889 3840 922 3850 -
940 3816 1035 3881 ensem]
1056 3813 1122 3864 Plut.
1142 3815 1237 3864 Anton.
1259 3813 1308 3868 79:
1330 3817 1424 3898 ,Gen-

329 3871 503 3954 σαμξνηῦτον
521 3876 688 3940 Προκλήϊον
708 3873 820 3944 ὥρμησε
838 3880 893 3948 μὲν
914 3875 1002 3944 utitis
1020 3885 1151 3944 πατάξαι·
1170 3886 1372 3955 προςδραμων
1391 3885 1425 3938 tt

328 3950 400 4013 repo
417 3943 502 4003 αυτὴν
520 3943 684 3996 tantumne
721 3947 855 3998 Sententia
872 3951 928 4016 ipsa
947 3955 1085 4018 perspicua
1104 3963 1162 4016 est,
1188 3971 1247 4005 nam
1269 3954 1423 4022 Cleopatra,

327 4010 588 4089 luqu1l‚generosam
609 4023 715 4065 mortem
736 4019 854 4068 servituti
872 4021 903 4070 ie
921 4021 1042 4074 dedecori
1064 4027 1215 4089 praeterens
1234 4042 1324 4093 neque
1343 4029 1424 4093 igun-

258 4087 261 4092 ·
328 4083 371 4118 via
388 4085 439 4136 qua
455 4076 575 4160 mulieres
594 4097 652 4133 ense
673 4085 767 4148 solent,
789 4091 926 4155 quominus
943 4107 1045 4144 nrannur
1074 4095 1124 4145 sibi
1151 4096 1262 4146 interret
1290 4097 1424 4162 prohibita

330 4146 379 4200 etl,
399 4155 526 4220 nequem
546 4161 655 4205 remotus
676 4158 797 4220 regiones
817 4158 920 4225 tugiam
940 4164 1018 4219 ritum
1029 4180 1136 4216 seruare
1154 4166 1253 4217 studuit
1263 4176 1289 4218 et
1302 4184 1424 4233 regnum.

331 4205 431 4276 Etenim
451 4212 558 4267 tatemer
576 4236 638 4272 orne
657 4233 717 4274 snut
733 4235 866 4292 remotae,
896 4240 922 4283 et
941 4250 1069 4301 reparare
1095 4252 1156 4286 oras
1181 4237 1242 4303 quid
1267 4237 1342 4289 alind
1363 4253 1424 4289 esse

328 4285 414 4358 potest
431 4288 507 4363 atque
526 4284 575 4336 bon
593 4293 661 4370 quod
675 4293 787 4348 Opellius
806 4298 892 4350 uidit?
911 4300 1000 4367 ,Alias
1017 4304 1067 4355 sibi
1087 4320 1178 4370 parare
1197 4317 1224 4358 et
1243 4312 1352 4376 assequi
1367 4318 1426 4360 stu-

328 4346 520 4435 dprtnegrones
541 4370 587 4420 pro
604 4359 674 4423 ullis,
701 4379 764 4429 quas
792 4371 945 4422 amittendus
964 4372 1339 4445 Caesariquorelinqnendas
1365 4395 1424 4431 esee

328 4414 449 4482 V¹d0bl²n
480 4437 497 4472 ¹·
517 4438 540 4474 θ·
560 4437 607 4489 pre
626 4431 779 4498 Aegypton
815 4437 884 4490 Ilibil
907 4443 986 4508 igitur
1009 4460 1076 4512 opus
1095 4455 1136 4499 est
1154 4450 1326 4502 couieemris.
1365 4451 1426 4503 Post
