3117 5042
428 473 522 535 ΗΒ.
547 475 568 534 Ι.
620 476 726 541 8ΑΤ.
753 480 830 541 Vlll.
852 483 904 544 ΙΧ.

201 651 335 725 Largior
355 653 469 714 arserit
487 650 592 733 iguis,
613 664 644 718 et
664 664 696 719 ut
719 678 780 721 noa
806 664 893 724 testis
913 664 1028 729 inultus

148 775 176 839 qs
198 757 377 821 llorruerim
401 779 491 821 voees
514 763 673 826 Furiarum
697 773 728 827 et
749 768 833 831 iacta
853 770 992 840 duanunr.

197 867 284 942 Nam,
308 865 446 948 displosa
467 877 558 931 sonat
579 880 724 952 qnantum
748 876 861 955 vesica,
881 880 993 960 pepedi

201 971 329 1036 Dillissa
350 981 423 1036 nate
443 977 536 1051 ficus;
556 986 590 1039 at
609 979 683 1041 illac
706 999 832 1045 currere
853 984 884 1046 in
907 987 1021 1051 arbem.

196 1079 348 1142 Canidiae
367 1081 484 1159 dentes,
505 1084 601 1148 altura
624 1086 773 1169 Saganae
796 1092 985 1155 caliendrum
1018 1132 1027 1149 ·
1104 1132 1111 1147 x

196 1186 350 1264 Excidere
373 1197 465 1270 atque
486 1190 600 1254 herbas
623 1202 716 1274 atque
739 1196 899 1261 incantata
920 1200 1046 1263 lacertis

148 1311 176 1351 so
196 1294 349 1370 Vincula,
372 1315 438 1359 cana
459 1299 716 1381 magao'risuque
736 1302 864 1384 iocoque
886 1306 1017 1368 videres.

574 1493 742 1505 ——-·--.

423 1714 441 1753 ·.
515 1647 800 1765 sart‘rarx.

193 1849 277 1911 ibam
299 1851 380 1912 forte
400 1854 450 1913 ria
472 1872 572 1931 saona,
594 1857 672 1917 sicut
694 1876 778 1920 meus
801 1866 848 1920 est
870 1878 935 1922 rans

191 1958 303 2019 Nescio
325 1959 395 2040 qaid
415 1960 565 2037 meditans
584 1983 752 2043 augarum,
774 1972 857 2029 totns
882 1967 1017 2045 in'illis3
1094 1978 1099 1987 “

112 2137 261 2188 cumulatio.
280 2140 313 2188 cl.
331 2138 424 2191 libuli
446 2140 465 2201 1,
486 2142 512 2204 8,
529 2142 577 2194 do:
608 2142 655 2205 „Et
672 2146 779 2210 strepitu
797 2145 867 2195 uallo
887 2146 955 2196 clam
972 2160 1089 2199 reserare
1108 2149 1200 2202 tores«

111 2206 142 2259 id.
158 2208 193 2271 ll,
214 2211 239 2272 1,
257 2208 308 2261 80:
332 2210 463 2278 „placidus
484 2212 578 2263 leniter
597 2213 668 2262 alliot
686 2216 789 2281 ΑιιιρΜι
821 2215 854 2265 id.
876 2216 907 2280 tl,
927 2218 951 2281 6,
970 2218 1022 2271 45:
1045 2223 1202 2287 „furtimque

109 2278 219 2329 tabellas
245 2280 344 2331 occulto
365 2290 468 2347 portans
491 2284 562 2349 itque
581 2284 698 2350 reditque
719 2286 809 2337 siau.“
846 2318 879 2325 -
919 2296 1005 2354 cerea}
1036 2289 1200 2354 disyllabum.

108 2349 166 2399 ride
182 2349 220 2400 ad
240 2349 324 2403 cmm.
338 2351 383 2415 lli,
399 2357 425 2414 4,
439 2355 482 2406 41.
499 2384 533 2393 -
552 2354 698 2423 Furiarum]
720 2354 772 2405 Cur
792 2355 880 2405 Furias
899 2359 1023 2424 appellet,
1043 2359 1153 2426 colligas
1168 2376 1201 2411 ex

110 2418 191 2485 Epod.
213 2422 239 2484 5,
256 2422 296 2472 15.
318 2422 361 2471 27.
384 2454 415 2465 -
442 2423 540 2492 dentes]
560 2424 678 2488 „locatur
696 2426 721 2474 ia
743 2425 798 2487 bas,
819 2428 891 2491 quasi
915 2429 996 2478 altera
1013 2430 1133 2481 dentibus
1151 2446 1200 2496 ap-

110 2491 202 2553 positis
221 2492 257 2540 uti
282 2491 358 2541 solita
376 2495 418 2555 sit,
437 2492 528 2553 altera,
549 2494 617 2559 quod
636 2493 725 2555 glabra
745 2495 831 2557 luerit,
852 2496 1009 2548 caliendrum
1031 2499 1055 2549 b.
1079 2515 1102 2553 e.
1124 2500 1201 2567 gale-

109 2560 219 2610 rienlnra
249 2562 421 2612 sireerrnem
440 2566 600 2629 suppositum
621 2564 716 2615 babere
737 2574 916 2617 constresset.“
944 2567 1029 2617 Sodroi.
1069 2569 1201 2621 Recidere

109 2631 217 2687 verbam
232 2646 284 2680 aon
303 2634 385 2699 magis
403 2641 546 2698 estapturu
565 2633 683 2684 dentibus
702 2651 777 2701 quam
801 2636 931 2687 ‹attendro
945 2647 970 2688 et
988 2638 1092 2700 berbis3
1112 2642 1200 2690 dicunt

110 2702 177 2751 enim
198 2701 281 2752 Latini
302 2704 420 2754 cecidere
442 2706 520 2770 equis,
542 2706 660 2755 cecidere
680 2722 750 2769 arce,
770 2705 873 2757 similia.

560 2827 682 2877 Satira
714 2826 757 2877 tx.

173 2925 346 2977 Familiaritas
364 2927 521 2978 Maecenatis
544 2927 649 2979 lloratio
668 2937 695 2978 ut
715 2928 914 2977 obtrectatorum
934 2927 1077 2990 invidiam,
1097 2926 1129 2977 de
1148 2943 1199 2994 qua

105 3003 164 3045 sunt
182 2997 279 3048 satirae
298 2997 324 3047 3.
343 2996 369 3049 a
387 2998 418 3060 tt,
445 3000 479 3048 ita
508 3001 709 3065 importunarum
729 2998 859 3047 hominum
879 2996 1012 3047 molestam
1032 2997 1196 3048 sedulitatem

104 3075 276 3131 contraxerat,
291 3068 336 3134 qni
354 3068 473 3118 lortnnae
492 3068 581 3131 liliam,
601 3085 677 3136 quem
695 3067 826 3119 lloratium
846 3083 905 3117 csse
917 3067 1049 3133 putabant,
1067 3068 1198 3120 admiran-

103 3143 140 3187 les
158 3138 254 3188 eodem
276 3154 327 3205 quo
348 3137 393 3188 ille
407 3141 568 3205 pervenisset
581 3147 749 3205 perventuros
769 3154 798 3188 se
810 3152 914 3205 quoque
934 3138 1102 3202 confiderem,
1121 3138 1198 3190 dum·
1257 3180 1261 3185 ,

102 3209 177 3258 modo
196 3210 305 3275 primam
324 3209 502 3259 diiiicultatera
520 3210 551 3259 ad
573 3212 748 3261 llaeceaatem
763 3206 932 3275 perveniendi
952 3218 1129 3275 superassent.
1155 3209 1194 3260 Ex

103 3275 148 3329 hac
168 3279 252 3345 igitur
270 3278 343 3329 turba
361 3279 510 3342 doctorum,
531 3287 559 3330 ut
575 3280 695 3345 aiebant,
720 3281 851 3331 hominurn
872 3295 951 3334 unam
969 3290 1045 3348 poeta
1066 3288 1197 3347 arreptum

103 3348 192 3399 iocosa
211 3365 244 3399 ac
262 3348 349 3414 lepida
368 3352 468 3400 ratione
487 3349 624 3414 describit,
646 3352 764 3402 nimirum
786 3350 883 3417 duplici
904 3351 1032 3415 coasilio,
1051 3360 1077 3402 ot
1098 3367 1149 3418 quo
1172 3348 1196 3400 id

102 3417 151 3468 rile
174 3434 260 3486 genus
282 3420 413 3470 bominum
434 3424 455 3470 si
475 3420 529 3470 deri
549 3423 631 3486 possit
652 3423 677 3471 ia
697 3429 848 3487 perpetuum
867 3420 955 3487 abigat
974 3431 999 3473 et
1013 3432 1040 3472 nt
1052 3424 1195 3472 civesanos

100 3504 176 3555 qnam
196 3492 300 3541 sincera
318 3492 374 3555 ipse
393 3506 450 3541 rum
468 3490 618 3541 llacceaate
633 3494 804 3557 coniungatur
814 3492 927 3540 amicitia
938 3494 1010 3557 quasi
1025 3490 1095 3542 aliud
1114 3505 1195 3557 agnas

101 3557 203 3609 doceat.
240 3560 311 3610 llaec
329 3575 433 3628 quoque
451 3562 528 3610 satira
549 3578 581 3611 ex
598 3576 630 3611 eo
649 3577 745 3625 genere
759 3569 807 3621 est,
828 3559 895 3624 quod
908 3560 1036 3612 indicatur
1049 3575 1127 3625 snpra
1142 3559 1195 3611 Sat.

100 3628 156 3693 l‚4,
170 3628 320 3680 137-139.
341 3631 397 3693 Quo
409 3646 476 3687 anno
496 3631 560 3680 lraeo
579 3632 674 3694 scripta
692 3632 725 3678 sit
745 3632 766 3678 si
789 3644 908 3695 quaeras,
927 3629 990 3679 nibil
1011 3630 1106 3697 poterit
1124 3627 1195 3679 aliud

101 3699 275 3766 responderi,
304 3703 354 3751 nisi
380 3701 480 3751 adulta·
498 3703 547 3751 iam
575 3701 730 3752 dlaeccaatis
758 3699 910 3765 llo'ratiiqno
930 3700 1042 3750 amicitia
1061 3698 1115 3750 talc
1133 3698 1195 3765 quid

100 3770 179 3820 scribi
209 3772 344 3836 potuisse3
372 3786 452 3838 qnare
483 3771 678 3839 haudquaquam
703 3782 862 3835 magnopere
886 3777 1025 3833 potuerunt
1043 3782 1130 3820 errare
1149 3770 1193 3835 qui

98 3855 168 3899 anno
188 3841 207 3892 ’7
210 3840 243 3892 19
263 3840 305 3892 vel
327 3841 379 3893 720
397 3840 463 3892 bane
481 3844 583 3892 satiram
602 3840 781 3892 attribuerunt.
809 3834 1000 3890 ¹Memorabilis
1027 3848 1067 3890 est
1085 3840 1193 3889 imitatio

100 3909 210 3974 Lucilii,
238 3925 315 3979 quam
334 3913 361 3963 ia
380 3914 462 3977 primo
481 3927 557 3964 versu
578 3927 635 3963 curn
654 3910 788 3962 Luciliano
807 3917 955 3973 comparato
974 3918 1070 3961 tantam
1089 3910 1194 3959 inveni-

98 3995 154 4032 mus
175 3989 204 4032 ut
226 3981 334 4032 verbnm
352 3982 443 4043 verbo,
464 3996 588 4033 caesurae
606 3996 712 4033 caesura
734 3977 902 4047 respondeat:

131 4067 203 4119 lbani
289 4066 357 4119 sorte
392 4071 435 4119 ria
521 4084 593 4120 saera
677 4069 714 4118 sic
797 4074 826 4117 ut
908 4081 980 4116 meas
1076 4073 1116 4115 est
1137 4078 1193 4115 mos

130 4138 188 4188 ibat
290 4137 357 4189 forte
376 4081 481 4212 arisel
521 4077 638 4208 inquit!
677 4141 726 4189 iam
784 4136 853 4204 quod
910 4151 993 4203 genus
1072 4136 1174 4202 quantis

129 4223 229 4276 Nescio
246 4256 278 4266 -
318 4227 324 4357 q

130 4294 254 4373 Festibns

166 4399 202 4450 Vs
221 4402 244 4449 l.
281 4398 326 4448 aia
343 4401 433 4518 ειιοναι]
456 4397 516 4447 ride
535 4396 566 4445 ad
585 4395 667 4462 Epod.
686 4393 713 4457 ll,
736 4396 760 4446 7.
788 4395 812 4457 7,
830 4395 856 4446 8.
875 4426 909 4436 -
936 4396 1074 4462 augarum]
1097 4378 1191 4443 Ca'tnll.

99 4467 164 4529 to:
188 4467 323 4535 „Namque
341 4475 368 4519 tn
390 4483 420 4518 so
432 4468 493 4518 ebus
512 4467 582 4518 dieas
603 4465 778 4532 essealiqnid
799 4473 888 4531 putare
900 4473 1006 4533 nugas&
1027 4462 1134 4515 Martini.
1148 4463 1196 4527 tlt,

99 4540 121 4602 t,
139 4539 173 4589 5:
207 4536 280 4604 „tlte
298 4553 350 4606 ego
370 4553 427 4588 sum
446 4537 509 4589 nulli
529 4552 656 4613 nugarum
678 4535 754 4586 laude
775 4535 904 4587 secundus
916 4551 938 4587 1⁴.
980 4535 1091 4587 Possunt
1113 4534 1192 4601 igitur
