3117 5042
305 452 309 465 ·
370 425 433 484 ooo
514 496 519 507 ,
769 420 1070 486 sarlatensi

450 602 602 664 Messius:
625 602 771 683 Accipio3
791 611 886 685 caput
905 612 937 666 et
956 613 1073 668 moret:
1097 606 1141 683 0,
1164 614 1218 669 tua
1240 626 1326 679 cornu

452 710 489 772 Ni
511 712 592 771 foret
612 718 736 774 exsecto
757 713 865 788 trans,
887 712 1000 795 inquit,
1020 713 1092 794 quid
1116 714 1254 793 laceres,
1273 736 1331 779 erm

399 834 431 880 oo
452 819 506 883 Sic
526 819 648 882 mutilus
667 820 844 884 miniterisi
877 823 918 883 At
939 821 986 893 illi
1011 822 1102 885 loeta
1123 822 1254 893 cicatrix

450 927 694 1019 Serestum-laevi
717 930 849 991 lrontem
872 936 1054 1010 turpaverat
1076 931 1151 993 cris.

450 1036 637 1118 Campanum
656 1037 689 1109 in
710 1038 865 1117 morbum,
886 1039 916 1100 in
938 1038 1047 1101 laciem
1069 1040 1221 1119 permulta
1245 1040 1360 1113 iocatus,

451 1146 608 1209 Pastorem
630 1146 763 1209 saltaret
783 1146 828 1208 uti
849 1145 986 1227 Cyclopa
1005 1148 1157 1229 rogabat:
1258 1180 1261 1184 ·

450 1254 499 1317 Nil
521 1255 567 1316 illi
590 1254 680 1317 larva
702 1261 756 1318 aut
776 1254 906 1337 tragicis
927 1273 1004 1336 opus
1025 1273 1094 1316 esse
1116 1256 1280 1331 eotburnis.

396 1376 427 1423 cs
447 1363 547 1425 Multa
569 1350 725 1427 ¹Cicirrbus
743 1364 783 1425 ad
803 1362 897 1427 baec:
920 1363 1073 1425 iterasset
1096 1348 1196 1429 iamne
1216 1373 1347 1429 catenam

448 1471 498 1534 iix
519 1479 591 1569 voto
612 1472 760 1550 Laribus,
781 1472 967 1554 quaerebam
990 1472 1093 1535 scriba
1106 1473 1194 1555 ,quoti
1214 1480 1305 1551 esset,
1327 1488 1332 1499 ·

449 1580 590 1643 lictorius
609 1580 707 1657 nihilo
724 1576 865 1643 dominae
884 1580 932 1645 ius
954 1599 1039 1657 esse;
1063 1581 1199 1662 rogabat

450 1689 604 1771 lienique,
624 1708 679 1753 eur
701 1707 833 1772 unquam
852 1689 1005 1773 fugisset,
1026 1692 1075 1752 cui
1096 1691 1172 1754 satis
1194 1709 1256 1753 nna

448 1797 555 1860 Farris
572 1797 654 1863 libra
674 1799 765 1872 ieret,
789 1796 902 1878 gracili
923 1798 968 1861 sic
988 1806 1112 1882 nmque
1132 1798 1253 1881 pusillo.

398 1923 426 1966 ro
439 1906 575 1968 Prorsus
595 1906 724 1969 iucunde
744 1926 870 1970 coenam
892 1906 1085 1988 producimus
1106 1906 1201 1975 illam.
1288 1912 1307 1965 ’.

450 2015 617 2079 Tendimus
638 2016 709 2078 binc
730 2023 816 2078 recta
838 2015 1061 2091 Beneuentum,¹
1075 2015 1126 2079 ubi
1147 2015 1269 2089 sedulus
1290 2014 1392 2096 bosprs

451 2125 553 2186 Paene
575 2143 694 2189 macros
714 2125 793 2188 arsit
813 2125 890 2187 dnm.
904 2126 1011 2187 turdos
1033 2133 1140 2186 versat
1163 2123 1194 2186 in
1217 2124 1294 2206 igni:

450 2234 528 2296 Nam
549 2251 633 2314 vaga
654 2251 710 2315 per
730 2241 864 2295 veterem
885 2233 1006 2313 dilapso
1026 2233 1150 2319 flemma
1169 2232 1298 2297 culinam

451 2342 588 2404 Vulcano
610 2358 756 2403 armorum
776 2341 965 2423 properabat
984 2341 1121 2419 lambere
1142 2349 1261 2405 tectim.

403 2469 431 2513 rs
451 2450 609 2513 Convivas
632 2449 742 2513 auidos
763 2467 890 2512 coenam
912 2454 1083 2531 servosque
1098 2450 1238 2513 timentes
1353 2506 1356 2515 .

453 2560 531 2623 'l'um
555 2577 668 2641 rapere
690 2564 783 2641 atque
805 2577 909 2622 omnes
933 2561 1127 2640 restinguere
1150 2559 1231 2621 velle
1252 2559 1378 2621 videres

450 2667 561 2750 lneipit
579 2687 622 2731 ex*
639 2668 696 2730 illo
716 2676 834 2730 montes
857 2668 971 2750 Apulia
989 2676 1080 2730 notos

452 2776 616 2839 Ostentare
638 2775 827 2859 milri,·quos
840 2782 945 2839 ‚torret
965 2776 1116 2839 Atabulus
1137 2781 1168 2835 et
1187 2793 1262 2857 qnos

456 2886 616 2968 Nunquam
635 2898 828 2967 erepsemus,
849 2886 909 2947 nisi
930 2904 986 2969 nos
1006 2860 1108 2947 ¹vicini
1130 2883 1248 2947 Trivici

372 3028 445 3111 apio,
465 3049 563 3115 inagitn
580 3050 662 3116 Wls
673 3044 732 3100 'uno
748 3063 829 3099 cornu
848 3048 1027 3114 nigronnedia
1045 3046 1135 3098 ironta
1148 3045 1294 3097 cubitorum
1307 3043 1380 3096 duum
1391 3044 1443 3093 erri-

372 3123 475 3167 neatet‘.
497 3148 532 3159 -
558 3120 671 3189 occipio]
690 3112 763 3170 istam
784 3120 1011 3186 comparationem.
1036 3148 1072 3161 -
1103 3125 1180 3185 eaput
1196 3124 1220 3167 et
1238 3123 1331 3180 moret}
1350 3112 1442 3165 rideat

372 3185 456 3237 Carni.
476 3186 497 3251 1,
515 3187 540 3252 2,
551 3189 577 3241 9.
598 3222 632 3233 -
650 3192 788 3259 multaris]
809 3187 889 3240 eoru.
907 3189 1032 3240 fluctuant
1049 3190 1115 3240 inter
1131 3188 1260 3239 miraberis
1279 3196 1307 3237 et
1326 3186 1442 3237 mouere

372 3256 505 3311 Sententia
524 3268 609 3311 autern
631 3259 847 3326 conscribebat,
879 3277 926 3311 eur
952 3262 1101 3313 Sarmentus
1124 3258 1302 3312 adversarium
1323 3255 1444 3309 ternbrtsa

372 3327 430 3378 lore
448 3326 526 3393 dicat,
543 3330 594 3381 nisi
612 3346 691 3382 cornu
708 3340 780 3383 esset
801 3339 984 3384 arsamum-
1003 3331 1046 3401 At]
1066 3332 1101 3383 At
1116 3346 1149 3380 ne
1166 3328 1276 3396 quaeras
1290 3344 1337 3380 cur
1353 3330 1442 3380 norun

375 3400 411 3449 its
431 3402 618 3470 comparaverit
636 3410 698 3465 cet*
712 3436 747 3446 -
783 3402 952 3475 Gcrppcoron]
972 3400 1042 3467 „Hoc
1059 3403 1127 3452 enirn
1148 3402 1224 3468 quasi
1242 3415 1257 3451 a
1276 3407 1366 3451 natura
1381 3399 1443 3451 Cam-

371 3470 448 3537 panis
468 3470 524 3522 lere
541 3472 659 3524 omnibus
677 3481 736 3537 est,
764 3481 793 3524 ut
812 3475 902 3540 capitis
922 3473 1079 3540 temporibus
1099 3487 1208 3539 magnac
1237 3486 1364 3522 verrucae
1382 3473 1442 3521 inor-

372 3548 476 3592 seantnr
492 3542 804 3599 invnrodurn'eornuumss
833 3545 928 3598 comes
946 3545 1022 3611 Crup.
1054 3572 1085 3585 -
1125 3543 1248 3611 Cyclope]
1277 3541 1359 3608 Epist.
1380 3540 1442 3603 lib

374 3613 433 3665 125.
456 3612 555 3666 Saltare
567 3631 719 3673 cumaocna.
738 3624 767 3666 ut
785 3614 941 3669 ludereenm
954 3630 1008 3665 acc.
1027 3623 1067 3666 est
1084 3613 1370 3678 saluudoexprirrrere3
1387 3609 1441 3663 vett

372 3682 425 3734 Pat.
444 3684 479 3749 11,
503 3684 536 3737 73
561 3684 699 3753 „Glaucum
726 3685 845 3738 selures.
874 3688 950 3737 etiarn
975 3688 1079 3753 passive
1108 3692 1136 3736 ut
1156 3685 1230 3737 0viul.
1247 3683 1322 3735 irim.
1341 3684 1373 3745 ΙΙ,
1386 3681 1441 3736 51⁹:

373 3753 421 3820 „El
437 3771 495 3807 mea
512 3766 572 3808 sunt
588 3759 686 3826 populo
706 3756 798 3809 saltata
820 3764 939 3824 poemata
958 3764 1061 3824 saepe.“
1081 3757 1148 3807 Ante
1166 3756 1311 3823 Augustum
1331 3758 1368 3806 sic
1383 3768 1444 3805 usur·

373 3818 460 3891 patlrm
477 3827 584 3879 verbnm
606 3842 657 3880 non
677 3829 787 3880 ridetm.
799 3859 839 3901 ·-
864 3837 983 3881 emnam
1015 3827 1126 3896 Fugitivi
1146 3835 1174 3877 et
1191 3827 1289 3879 osberti
1308 3825 1442 3893 plerunque

371 3899 579 3960 cannabinum
598 3901 644 3951 sed
655 3898 764 3951 'vidend
783 3912 806 3949 v.
816 3900 858 3952 55.
871 3929 903 3941 -
915 3917 970 3950 uno
997 3901 1065 3967 ibral
1082 3899 1169 3951 Servis
1186 3896 1303 3965 quotidie
1322 3907 1442 3965 quaternae

372 3965 414 4016 rel
433 3968 528 4035 quinae
543 3970 618 4022 larris
634 3971 716 4022 librae
730 3971 784 4020 dari
804 3969 930 4039 solebant.
950 3971 1042 4037 -saepe
1055 3979 1142 4023 tamen
1155 3968 1291 4036 probabile
1309 3977 1351 4020 est
1367 3969 1443 4019 iacun

373 4051 433 4088 esse
453 4046 482 4090 ut
500 4040 568 4093 tarne
586 4045 668 4109 pressi
689 4038 843 4109 aufugerent
860 4043 938 4092 servi.
957 4072 990 4087 -
1016 4040 1197 4111 Beneventum]
1218 4041 1240 4091 A
1260 4039 1360 4091 Gaudio
1379 4039 1443 4090 dista·

372 4105 417 4159 bat
433 4107 488 4162 lli.
501 4111 539 4164 nt.
557 4113 585 4164 P.
623 4113 659 4166 lbi
681 4115 708 4164 in
726 4114 851 4180 cauponis
873 4112 1010 4179 hospitium
1031 4113 1174 4171 devertipse
1192 4111 1321 4162 videntur.
1343 4143 1374 4154 -
1398 4125 1443 4167 ars-

374 4195 434 4229 cros
454 4183 554 4252 tardor]
582 4186 631 4235 iam
651 4200 732 4236 verno
752 4192 877 4249 ternpore.
930 4184 1024 4235 Versus
1051 4181 1175 4251 quaedam
1202 4182 1362 4248 perturbatio
1379 4183 1442 4247 ipsam

375 4264 430 4301 rem
448 4253 635 4319 quodammodo
656 4257 783 4317 imitatur3
813 4256 982 4322 insequentes
1003 4254 1056 4305 duo
1082 4268 1134 4304 non
1158 4255 1216 4304 sine
1242 4250 1332 4303 iocosa
1353 4248 1441 4321 qualus

374 4322 465 4387 spicae
483 4326 616 4391 gravitatis
635 4327 816 4378 aemulatione.
855 4357 885 4367 -
923 4327 1034 4396 videres]
1064 4325 1157 4391 Zurnpt
1183 4331 1222 4391 gr'.
1241 4323 1284 4374 latr
1302 4330 1332 4391 ς.
1352 4324 1403 4376 528.
1418 4349 1442 4362 -

373 4392 507 4465 Atabulus]
534 4397 695 4461 pemiciosus
712 4406 824 4458 ventus,
849 4411 918 4447 nunc
936 4396 1024 4448 Altino
1043 4397 1199 4446 nominatus.
1233 4425 1266 4435 -
1298 4394 1442 4463 ¹crepuerint}

373 4459 408 4510 ci.
432 4464 485 4515 Sat.
504 4464 525 4528 l,
546 4465 572 4527 9,
592 4468 634 4519 73.
668 4467 701 4529 ll,
719 4467 746 4531 3,
768 4468 828 4520 169.
861 4467 894 4531 ll,
915 4468 1003 4531 7,·68.
1037 4466 1098 4523 vide
1116 4467 1147 4519 ad
1167 4465 1251 4518 Germ.
1271 4463 1305 4527 lt,
1324 4468 1390 4529 Η.
1417 4490 1443 4503 -·

378 4528 480 4607 leae]
501 4536 604 4603 ,oppidi
630 4539 656 4589 in
674 4538 726 4590 tine
744 4537 916 4605 Campaniae,
944 4554 996 4608 quo
1017 4537 1139 4592 vehicula
1161 4539 1248 4591 iuncta
1265 4537 1388 4593 accedere
1405 4547 1443 4587 re-
