3117 5042
390 374 482 437 nto.
510 373 562 435 ΙΙΙ.
605 371 754 440 canti
778 374 815 438 t'.
841 375 891 437 vt.

388 554 428 615 Et
450 552 595 636 poprium
616 553 734 618 reditus
753 559 942 631 nomen,

304 699 401 772 Quam
422 694 449 756 si
472 694 617 757 clientum
638 695 736 777 ionga
756 694 884 778 negotia

303 803 479 868 pontisara
499 803 558 870 lita
576 802 766 887 relinqueret

251 931 283 975 ss
345 911 489 976 Tendens
512 911 761 986 Verairsnosin
784 928 882 993 agros

387 1019 450 1081 Aut
469 1018 743 1096 Lacedaemoniam
764 1021 944 1084 Tarentum

530 1181 765 1199 w

521 1320 708 1396 Carmen
723 1315 789 1395 vt.

307 1454 428 1543 Delicta
448 1456 596 1520 maiorum
619 1458 789 1521 immeritus
810 1458 894 1536 ines,

309 1566 463 1645 Romane,
482 1566 579 1628 donec
603 1566 717 1649 templa
739 1566 886 1630 refeceris

111 1726 153 1776 nti
170 1741 276 1777 numero
294 1725 456 1789 describitur,
477 1728 579 1797 quoties
598 1727 715 1796 Regulos
726 1726 825 1796 popuio
844 1727 1000 1796 prohibente
1016 1728 1125 1784 reditum
1136 1736 1196 1780 teo-

111 1800 204 1847 tsrerit.
227 1829 261 1839 -
279 1796 367 1868 magn]
390 1798 467 1849 taedii
489 1798 575 1865 piena.
596 1825 629 1840 -·
653 1799 828 1870 Venafranos}
851 1801 877 1850 iu
896 1795 1037 1866 Campanis
1055 1801 1128 1851 sitos.
1163 1828 1198 1843 -

111 1866 347 1940 Lmdeemons'stss]
367 1868 451 1920 Germ.
472 1868 506 1935 tl,
523 1869 551 1936 6,
572 1871 613 1922 11.
894 1879 897 1884 ’
976 1899 979 1906 ·

554 1973 698 2040 Carmen
716 1973 759 2027 Vi.

180 2064 367 2131 Argumentum
386 2064 463 2117 iunius
482 2068 601 2119 carminis
621 2084 678 2120 cum
698 2069 789 2138 quinto
809 2074 948 2135 oogmtnm
966 2074 1014 2118 est.
1060 2065 1123 2120 Nam
1142 2067 1198 2120 Au·

111 2141 195 2198 gustus
214 2136 258 2201 qui
286 2150 318 2186 eo
338 2136 470 2200 tenderet,
495 2145 523 2188 ot
549 2137 691 2191 Romanam
718 2139 870 2205 dignitatern
898 2139 965 2190 inter
991 2140 1061 2204 ipsos
1082 2140 1154 2190 cives
1172 2146 1200 2189 et

109 2204 171 2270 apud
188 2214 291 2256 exteras
308 2207 427 2257 nationes
448 2209 613 2272 restitueret,
633 2211 766 2278 pravitatis
786 2219 813 2261 et
832 2210 1005 2277 corruptionis
1026 2224 1077 2276 qua
1094 2207 1198 2260 inhorr-

110 2273 149 2325 ιιι
166 2275 314 2342 respublica
332 2279 405 2345 quasi
423 2277 523 2330 radices
544 2278 659 2332 evellere
677 2279 797 2332 debebat
822 2277 948 2331 Diutuma
965 2280 1060 2330 civium
1071 2279 1200 2331 discordia

110 2342 271 2398 iundamenta
288 2350 430 2399 communis
450 2348 541 2401 salutis
561 2351 671 2403 suffossa
690 2360 772 2415 erant,
791 2352 892 2417 priscus
914 2353 991 2401 timor
1009 2350 1117 2401 deorum
1135 2348 1201 2401 sub-

83 2453 84 2456 ,
108 2413 178 2481 ietrts,
197 2418 297 2485 tempta
314 2418 449 2471 devasma
465 2420 509 2473 rel
527 2420 657 2488 neglecta,
678 2419 814 2491 integritas
832 2420 992 2472 domesticae
1011 2422 1080 2473 ritae
1101 2422 1199 2486 turpis-

108 2488 174 2538 simis
191 2488 298 2556 dsgitiis
315 2491 487 2543 contaminata
532 2490 657 2545 Pietatem
676 2509 734 2544 cum
754 2494 903 2559 integritate
929 2491 1114 2542 restituendam
1133 2505 1199 2541 cen-

111 2559 159 2607 suit
170 2560 321 2626 Augustum
339 2560 465 2613 indocins
478 2564 506 2614 in
523 2563 678 2615 renovandis
695 2563 798 2629 templis
816 2564 844 2613 in
854 2561 1070 2629 corrigendisque
1087 2561 1201 2614 moribus

110 2632 239 2696 egregium
261 2631 384 2684 studium.
431 2632 506 2696 Quod
523 2649 599 2701 quam
619 2642 718 2685 rectum
736 2636 771 2686 sit
789 2634 909 2686 Horatius
934 2632 984 2683 hoc
1011 2634 1126 2683 carmine
1151 2631 1201 2683 do-

107 2707 152 2749 cet.
172 2701 249 2753 itam:
269 2705 347 2770 „quia
363 2704 466 2770 privati,
487 2705 578 2775 inquit,
599 2704 727 2756 commodi
747 2704 1049 2772 smorpriscaedeorum
1065 2703 1200 2770 roligionis

109 2770 191 2822 sedem
211 2777 373 2839 occupavit,
399 2774 436 2824 dii
466 2789 556 2827 omnes
586 2775 745 2828 calamitates
763 2777 790 2827 in
808 2776 913 2843 impiam
940 2774 1040 2826 ltaliam
1059 2776 1201 2837 misernut3

108 2842 265 2895 infestissimi
287 2844 385 2907 homes,
406 2844 507 2910 Partiri,
526 2848 637 2913 saepius>
649 2847 763 2898 victores
783 2849 894 2912 impetos
913 2855 1015 2897 nostros
1037 2844 1110 2896 malis
1131 2847 1200 2896 omi-

108 2911 177 2964 nibus
195 2915 289 2966 iiiatos
306 2916 380 2983 grari
400 2915 475 2968 clade
494 2919 642 2970 reiecerunt
662 2925 689 2967 et
703 2918 837 2968 flomanns
851 2918 925 2982 ciris,
943 2917 1083 2980 Antonius,
1104 2915 1200 2966 barba-

108 2996 184 3035 rarum
202 2988 325 3053 gentium
345 2990 433 3053 copias
453 2988 563 3058 (Dacos,
581 2988 738 3054 Aethiopes]
762 2995 792 3039 nt
814 2995 904 3038 contra
922 2989 1004 3054 ipsam
1023 2987 1131 3052 patriam
1150 2985 1200 3036 du-

108 3057 223 3107 ceretro
245 3059 335 3108 animo
353 3060 437 3125 potuit
455 3060 602 3126 impetrare.
648 3057 760 3111 Deorum
782 3058 963 3109 immortaiimn
982 3058 1200 3124 contemptionem

107 3134 189 3176 secuta
207 3136 249 3180 est
271 3127 404 3195 turpitudo
423 3129 575 3195 domestica,
594 3144 645 3200 qua
656 3143 755 3193 omnes,
770 3130 897 3196 imprimis
915 3128 1048 3192 mulieres,
1067 3127 1159 3195 poliuti
1172 3135 1199 3179 et

107 3200 212 3265 corrupti
232 3207 310 3260 snnt3
328 3199 395 3250 maia
412 3201 480 3252 eninr
500 3205 599 3252 semina
616 3201 699 3251 maios
717 3200 797 3251 edunt
815 3202 912 3251 fructus
948 3200 1035 3264 Quare
1044 3208 1104 3251 ante
1114 3200 1199 3250 omnia

106 3266 226 3337 iuventuti
247 3270 439 3323 consulendum
461 3279 519 3333 est3
542 3273 689 3324 reducenda
706 3272 732 3322 in
753 3272 853 3322 animos
870 3272 993 3322 iuvenum
1013 3273 1097 3338 prisca
1115 3272 1199 3338 pictas

105 3339 184 3403 prisca
202 3341 362 3408 discipliane
379 3344 520 3393 severitate
565 3344 709 3395 Severitate
728 3351 754 3394 et
771 3342 860 3393 officio
878 3342 1024 3393 assuefacta
1047 3343 1095 3394 tuit
1112 3357 1143 3393 ea
1157 3343 1199 3393 iu-

104 3419 199 3476 ventus,
216 3428 275 3480 qua
295 3412 422 3480 quidquid
441 3427 474 3464 ex
493 3413 570 3465 rebus
589 3414 709 3465 Romanis
725 3420 849 3481 perpetua
869 3412 1082 3479 spiendetgioria
1097 3419 1199 3480 gestum

104 3488 148 3542 est,
164 3498 215 3549 qna
234 3482 384 3547 nunnioni,
402 3483 529 3550 Pyrrhus,
548 3484 690 3537 Antiochus
709 3485 823 3550 superati
846 3492 905 3534 sunt
949 3484 1041 3534 Nostra
1060 3491 1130 3532 actos
1150 3481 1199 3531 de-

104 3553 178 3603 terior
198 3562 256 3616 est3
286 3555 329 3605 avi
356 3557 435 3606 nostri
455 3556 581 3621 perniciei
600 3557 727 3622 originem
746 3563 902 3620 posuerunt,
934 3562 1020 3621 patres
1039 3554 1197 3603 incrementa

103 3623 257 3691 adolerent,
283 3624 377 3692 quibus
398 3639 446 3677 nos
464 3641 553 3678 rursus
569 3626 734 3694 improbitate
752 3627 789 3675 ita
807 3632 986 3691 praestamus,
1016 3631 1045 3673 ut
1063 3623 1112 3673 nisi
1128 3635 1197 3672 nnnc

103 3692 182 3757 ipsum
213 3696 373 3763 corrigimur
392 3711 408 3747 a
427 3697 546 3766 malaque
573 3714 625 3766 qun
653 3695 797 3747 incedimus
820 3697 863 3745 via
893 3694 1053 3745 deflectimus
1082 3693 1197 3759 peiorem

102 3764 176 3817 etism
194 3770 281 3819 simus
302 3765 417 3819 reiictnri
438 3771 614 3837 progeniem.“
633 3797 667 3810 ·-
686 3765 764 3818 Vides
785 3767 879 3833 igitur,
901 3767 927 3819 in
947 3763 998 3814 hoe
1017 3779 1121 3832 qnoque
1140 3778 1199 3813 car-

103 3836 168 3887 mine
185 3839 336 3906 efflagitare
355 3853 468 3905 poetam,
487 3848 516 3891 nt
534 3842 655 3892 iuventus
675 3839 753 3889 rectis
770 3846 798 3888 et
807 3835 906 3887 severis
919 3835 1043 3886 doctrinis
1056 3834 1200 3895 imbuatur}

104 3904 175 3957 eiiam
193 3909 289 3961 salutis
310 3911 378 3960 riam
398 3924 458 3961 esse
478 3911 583 3962 nuliam.
634 3910 780 3972 Romaene,
814 3922 889 3975 quem
910 3906 1030 3958 Horatius
1048 3905 1198 3972 alloquitur,

103 3979 159 4044 qnia
177 3981 324 4033 immeritus
344 3990 385 4032 est
403 3996 457 4032 non
473 3997 536 4034 suse
553 3987 716 4049 potestesse
738 3980 840 4042 aetatis,
857 3977 902 4029 sed
914 3978 1058 4044 proximam
1077 3975 1137 4027 inde
1148 3977 1197 4027 r.1

104 4046 233 4103 tristam.
256 4081 290 4093 -
310 4051 418 4115 Restat,
435 4060 465 4103 nt
481 4053 514 4104 de
532 4063 648 4121 tempore
667 4052 758 4103 itonnn
779 4065 826 4102 sex
844 4051 983 4100 carminum
1004 4063 1086 4116 panca
1104 4047 1197 4098 dicem.

104 4116 173 4181 Quae
193 4138 254 4174 cum
274 4124 433 4189 cognatione
454 4126 556 4176 consilii
578 4132 604 4174 et
617 4123 668 4174 ioci
681 4124 748 4173 inter
760 4137 789 4173 se
804 4122 1000 4186 coniungantur,
1019 4134 1070 4169 non
1089 4124 1198 4185 possunt

102 4203 158 4241 esse
177 4193 280 4245 diversi
301 4195 434 4261 temporis.
472 4195 524 4247 iarn
543 4209 601 4246 com
622 4203 738 4262 quartum
759 4201 785 4244 et
798 4193 914 4260 quintum
932 4189 1084 4244 autentas
1103 4190 1198 4254 scripta

104 4274 159 4310 esse
180 4279 236 4316 non
257 4267 369 4331 possint,
388 4264 475 4316 omnia
493 4266 543 4319 hoc
559 4280 627 4316 anno
646 4267 747 4316 iuniore
759 4279 817 4315 esse
832 4276 910 4329 nego.
947 4259 1011 4312 Nam
1031 4276 1065 4312 ne
1084 4262 1197 4311 inserto

103 4332 204 4397 quidem
227 4335 370 4405 quidquam
392 4334 497 4403 legitur,
516 4337 585 4405 qnod
603 4352 696 4387 annum
710 4335 770 4398 tao,
792 4349 844 4402 quo
865 4346 933 4384 anno
951 4329 1082 4399 Augustos
1102 4326 1198 4393 templa

101 4402 207 4458 reicere
228 4415 257 4458 et
273 4422 360 4458 mores
381 4409 514 4476 corrigere
534 4409 640 4476 incepit,
657 4414 748 4475 aperte
767 4402 860 4474 prodat
877 4411 921 4460 aut
933 4401 1033 4456 duobus
1052 4401 1126 4454 annis
1140 4403 1199 4465 post

103 4475 224 4544 seriptum
247 4489 307 4530 esse
325 4486 449 4550 nequeat.
851 4499 856 4504 ·
