3117 5042
714 370 994 438 clamante

504 580 646 645 Ploravit
667 597 773 644 omues
796 577 990 642 Antilochum
1009 595 1105 639 senex

455 707 484 750 rc
545 688 671 766 Aurios,
694 706 751 752 uee
771 687 922 768 impubem
943 692 1088 767 parentes

585 796 718 860 Troilon
737 803 793 859 aut
813 795 968 877 Phrygiae
988 811 1115 856 sorores

500 953 632 1016 Flevere
652 970 782 1034 semper.
825 950 937 1014 Desine
958 950 1095 1013 mollium

499 1061 639 1125 Tandem
663 1060 876 1143 querelarum,
900 1067 932 1121 et
953 1058 1055 1140 polius
1076 1074 1159 1119 noea

544 1167 710 1233 Cantemus
731 1167 866 1250 Augusti
888 1175 1018 1248 tropaea

455 1294 485 1338 so
591 1276 737 1340 Caesaris
756 1282 788 1338 et
808 1274 944 1357 rigidum
962 1271 1116 1356 Niphaten
1178 1301 1181 1308 ·
1226 1277 1273 1346 ·j

404 1455 408 1462 ’
501 1433 682 1516 ldedumque
701 1430 813 1496 llrrrueu
835 1430 978 1512 gentihus
1001 1430 1137 1510 additum
1185 1407 1188 1412 ¹

502 1541 599 1605 Victis
621 1541 755 1604 minores
776 1541 904 1604 volvere
928 1538 1060 1602 vertices

541 1649 689 1733 intraque
709 1648 932 1731 praescriptum
953 1646 1092 1709 Gelonos

584 1757 715 1839 lixiguis
738 1755 879 1840 equitare
898 1755 1024 1837 eampis.

304 1961 384 2015 iidem
400 1964 492 2016 amatia
510 1962 572 2016 dlilr
590 1945 673 2016 orbati
693 1962 775 2018 luctui
794 1978 847 2015 non
867 1957 1152 2029 semperindulaeruut,
1173 1918 1400 2028 aedquenlumuis

304 2049 382 2086 aecer
399 2035 511 2094 animum
529 2044 615 2087 tamen
633 2043 773 2087 erexerunt
790 2034 823 2086 ad
840 2034 971 2101 vitamque
985 2031 1126 2099 etuegotia
1139 2029 1280 2081 redieruut.
1306 2029 1400 2092 Quod-

304 2106 327 2158 u
347 2113 494 2160 acuculam
513 2105 580 2158 llrmi
598 2114 680 2172 eraut,
698 2106 761 2175 quid
780 2105 880 2158 tibirit
898 2103 1046 2160 laciendum
1064 2101 1163 2158 vium«
1184 2131 1218 2143 --
1238 2100 1311 2151 lianc
1329 2101 1400 2151 iuter

304 2175 425 2243 Valgium
448 2177 517 2229 virili
544 2185 629 2229 aetate
651 2177 786 2230 florentem
804 2185 832 2229 et
847 2178 915 2232 iuter
935 2190 1013 2227 senes
1038 2171 1185 2226 imbecillos
1205 2172 1403 2239 oppositionem

259 2303 265 2310 f
303 2249 381 2314 eliam
399 2257 478 2315 auget
494 2247 704 2302 muliercularum
721 2248 838 2300 mollium
856 2245 1081 2309 commemorarem
1114 2259 1192 2311 quam
1215 2241 1336 2309 consulto
1351 2244 1401 2294 ia·

305 2320 465 2385 terporuirra
478 2327 581 2385 poetam
593 2321 653 2371 inde
666 2321 832 2387 perspicitur.
850 2351 886 2361 -
903 2316 1083 2386 Antilochum]
1106 2316 1180 2368 euius
1197 2329 1266 2366 mora
1277 2315 1303 2364 iu
1316 2313 1401 2366 iliade

304 2404 356 2441 uou
374 2399 500 2455 narratur,
518 2390 564 2443 aod
582 2389 643 2459 lege
660 2390 818 2457 0dyralil,
829 2389 941 2457 roosqq.
959 2388 1001 2451 lv,
1017 2387 1075 2440 187.
1086 2417 1119 2427 -
1143 2383 1255 2450 Troilon]
1276 2384 1310 2434 cl.
1326 2385 1400 2452 virg.

303 2461 369 2513 Aen.
389 2460 409 2525 l,
427 2461 488 2513 474.
507 2493 537 2503 -
561 2461 700 2533 Pimplea]
720 2462 857 2527 Troianae,
876 2470 904 2512 ut
922 2457 1080 2521 Cassandra,
1098 2456 1249 2521 Polyxena,
1268 2454 1344 2508 aliae.
1364 2487 1400 2497 .-

304 2526 1400 2669 tttl'lltllttlillo¹tollit”lattlll‘izllltol‘r‘tollit

305 2674 408 2723 iunctae
426 2683 486 2723 sunt
505 2674 647 2740 particulae
665 2682 694 2726 at
709 2689 771 2725 aaa.
799 2705 833 2715 -
870 2637 988 2724 mollierat,
1001 2669 1173 2739 querelarum]
1194 2668 1330 2720 Genitivus
1348 2683 1402 2735 po-

305 2745 369 2793 situs
389 2751 429 2793 est
449 2743 480 2793 ad
500 2746 646 2812 exemplum
665 2759 777 2813 graecae
795 2745 900 2811 linguae
919 2743 966 2806 (ci.
985 2742 1059 2794 llom.
1083 2741 1316 2806 ll.1‚210),cum
1339 2740 1403 2790 lati-

306 2828 340 2864 ne
359 2812 459 2865 dicatur
476 2813 598 2867 desinere
617 2817 729 2886 aliquam
747 2831 800 2867 rem
819 2823 846 2866 el
865 2814 952 2884 aliqua
971 2829 1006 2864 re.
1044 2814 1105 2864 lior.
1125 2811 1209 2863 Carm.
1232 2809 1266 2875 ll,
1291 2809 1333 2875 13,
1352 2811 1399 2864 38.

305 2883 443 2948 ll‚11,a.
473 2885 525 2937 Sat.
544 2885 577 2952 11,
597 2886 623 2952 6,
644 2886 687 2939 84.
712 2887 784 2954 virg.
803 2887 869 2938 Aen.
887 2885 919 2950 x,
937 2884 998 2935 441.
1018 2884 1062 2948 ill,
1082 2881 1143 2935 280.
1164 2882 1222 2935 126.
1252 2911 1283 2923 -
1332 2899 1403 2933 caa-
1429 2907 1437 2922 x

306 2959 396 3026 lemur]
426 2955 603 3010 Observanda'
621 2967 661 3011 est
690 2957 787 3025 duplex
811 2956 885 3008 verbi
915 2954 1041 3007 cantandi
1066 2953 1234 3015 coniunctim
1259 2967 1318 3004 nam
1343 2954 1402 3019 pri-

304 3041 372 3076 mum
401 3026 460 3079 inde
487 3044 629 3095 suspensus
655 3036 697 3082 ert
721 3030 885 3080 accusativus
917 3032 1040 3095 (tropaeo
1057 3057 1092 3071 -
1113 3024 1275 3094 Niphaten),
1304 3023 1404 3076 deinde

305 3096 447 3150 infinitivus
467 3100 584 3162 (lilerium
605 3133 636 3142 -
658 3100 768 3164 coicere,
787 3099 941 3152 Geloncr—
959 3099 1096 3165 equitare).
1109 3126 1150 3165 ¹-
1173 3096 1292 3167 elpidium}
1314 3094 1403 3162 glacie

305 3166 468 3233 adstrictum,
487 3169 548 3220 nive
568 3177 672 3222 lectum.
715 3170 841 3238 Niphates
860 3185 933 3220 mons
952 3177 992 3219 est
1008 3169 1035 3228 in
1054 3168 1175 3219 Armenia
1191 3181 1346 3233 quamquam
1368 3183 1403 3218 ex

305 3236 373 3288 aiala
392 3237 526 3291 intellecto
547 3244 605 3294 loco
630 3241 773 3310 virgiliano
792 3258 807 3292 a
824 3239 1010 3308 posterioribus
1030 3239 1114 3304 poetis
1132 3237 1218 3287 latinis
1238 3237 1333 3288 llumen
1351 3236 1404 3287 ha-

306 3306 375 3358 bitus
395 3316 442 3372 est,
462 3310 542 3361 veluti
562 3327 577 3362 a
595 3311 707 3376 Lucano,
730 3313 794 3366 Silio
807 3311 906 3363 italico.
924 3341 954 3351 -
971 3309 1130 3383 Medumque}
1152 3307 1270 3358 Flumina
1292 3323 1402 3375 quoque

309 3386 336 3428 et
355 3383 408 3429 tola
427 3382 501 3448 regio
521 3384 606 3448 poetis
634 3386 731 3435 sentire
759 3384 880 3435 videntur
909 3396 976 3449 quae
1004 3380 1111 3430 accolae
1134 3380 1277 3445 patiuntur3
1310 3380 1404 3447 populi

298 3450 401 3524 Vvirtule
422 3450 503 3503 fracta
526 3452 615 3505 llledur
634 3453 861 3523 quoquesllumen,
881 3451 943 3503 olim
963 3450 996 3501 de
1014 3451 1159 3518 accderum
1181 3450 1333 3502 fortitudine
1354 3468 1405 3502 su-

305 3521 428 3587 perbiens
439 3530 465 3573 et
480 3525 617 3593 magnifiee
629 3526 720 3592 liaeus,
741 3517 854 3576 animum
875 3523 992 3590 reprimit
1011 3530 1037 3573 ct
1054 3522 1182 3572 tristitiam
1198 3522 1297 3572 minore
1318 3538 1405 3590 aqua-

304 3607 360 3642 rum
380 3595 455 3659 copia
473 3611 549 3662 quam
573 3596 657 3648 volvit
675 3598 748 3665 quasi
767 3596 860 3664 prodit.
880 3625 914 3636 -
936 3594 1039 3645 Medum
1057 3595 1157 3665 plumea]
1178 3592 1267 3644 Medus
1288 3594 1314 3643 in
1333 3595 1405 3644 Ara-

306 3677 356 3728 rcu
376 3664 487 3717 influens
516 3683 598 3735 prope
623 3667 784 3734 Persepolim.
822 3666 943 3719 Ceterum
971 3667 1055 3731 ipsum
1083 3669 1178 3715 nomeu
1204 3679 1250 3730 pro
1270 3662 1404 3717 adiectivo

302 3731 427 3786 habitum.
449 3737 483 3787 cl.
504 3737 587 3791 Carm.
606 3737 649 3803 lv,
667 3739 693 3803 4,
711 3738 755 3793 38.
793 3738 826 3789 Α.
846 3737 872 3794 l'.
893 3737 934 3790 18.
972 3735 1054 3786 Aliter
1072 3734 1199 3798 11,o,10.
1221 3768 1253 3778 -
1275 3735 1402 3808 Gelonos]

305 3803 424 3871 Scythae,
444 3808 510 3860 intra
530 3818 616 3861 certos
634 3810 699 3861 fines
718 3824 860 3876 repressos.
884 3839 917 3851 -
955 3807 1082 3877 equitare]
1101 3805 1136 3857 ci.
1154 3803 1238 3856 Carus.
1257 3806 1279 3870 l,
1302 3807 1330 3868 2,
1342 3809 1403 3869 ,513

303 3877 461 3942 aptissimum
482 3879 589 3931 verbum
608 3881 640 3932 ad
660 3882 846 3932 ferocissimam
872 3888 977 3947 gentem
1004 3893 1071 3945 quac
1090 3877 1205 3946 equitatu
1223 3880 1338 3930 maxime
1354 3895 1404 3930 aa·

304 3943 360 4000 lule.
406 3947 446 4000 Gi.
464 3948 547 4017 Epist.
566 3951 600 4015 ll,
624 3955 647 4017 1,
667 3952 787 4020 250sqq.

734 4209 967 4225 -u-h——u-t
