<?xml version="1.0" encoding="UTF-8"?>
<!DOCTYPE html PUBLIC "-//W3C//DTD XHTML 1.0 Transitional//EN"
    "http://www.w3.org/TR/xhtml1/DTD/xhtml1-transitional.dtd">
<html xmlns="http://www.w3.org/1999/xhtml" xml:lang="en" lang="en">
 <head>
  <title>
</title>
<meta http-equiv="Content-Type" content="text/html;charset=utf-8" />
  <meta name='ocr-system' content='tesseract 3.04.00' />
  <meta name='ocr-capabilities' content='ocr_page ocr_carea ocr_par ocr_line ocrx_word'/>
</head>
<body>
  <div class='ocr_page' id='page_1' title='image "./operaomnia00dillgoog_0354.png"; bbox 0 0 3117 5042; ppageno 0'>
   <div class='ocr_carea' id='block_1_1' title="bbox 357 384 1051 473">
    <p class='ocr_par' dir='ltr' id='par_1_1' title="bbox 357 384 1051 473">
     <span class='ocr_line' id='line_1_1' title="bbox 357 384 1051 473; baseline -0.004 0"><span class='ocrx_word' id='word_1_1' title='bbox 357 410 422 473; x_wconf 80' lang='lat' dir='ltr'><strong>aar</strong></span> <span class='ocrx_word' id='word_1_2' title='bbox 748 384 1051 471; x_wconf 82' lang='lat' dir='ltr'><strong>ssrtnsnon</strong></span> 
     </span>
    </p>
   </div>
   <div class='ocr_carea' id='block_1_2' title="bbox 393 593 1497 2003">
    <p class='ocr_par' dir='ltr' id='par_1_2' title="bbox 393 593 1497 2003">
     <span class='ocr_line' id='line_1_2' title="bbox 783 593 1024 670; baseline -0.033 0"><span class='ocrx_word' id='word_1_3' title='bbox 783 593 939 670; x_wconf 88' lang='lat' dir='ltr'><strong>Satira</strong></span> <span class='ocrx_word' id='word_1_4' title='bbox 979 593 1024 663; x_wconf 78' lang='lat' dir='ltr'><strong>V.</strong></span> 
     </span>
     <span class='ocr_line' id='line_1_3' title="bbox 410 722 1198 809; baseline -0.005 -19"><span class='ocrx_word' id='word_1_5' title='bbox 410 768 412 779; x_wconf 86' lang='lat'><em>·</em></span> <span class='ocrx_word' id='word_1_6' title='bbox 440 725 608 809; x_wconf 75' lang='lat' dir='ltr'><strong>Egressum</strong></span> <span class='ocrx_word' id='word_1_7' title='bbox 628 741 743 805; x_wconf 77' lang='lat' dir='ltr'><strong>magns</strong></span> <span class='ocrx_word' id='word_1_8' title='bbox 759 741 808 785; x_wconf 91' lang='lat' dir='ltr'><strong>me</strong></span> <span class='ocrx_word' id='word_1_9' title='bbox 831 723 952 804; x_wconf 83' lang='lat' dir='ltr'><strong>excepit</strong></span> <span class='ocrx_word' id='word_1_10' title='bbox 973 722 1078 787; x_wconf 78' lang='lat' dir='ltr'><strong>Aricia</strong></span> <span class='ocrx_word' id='word_1_11' title='bbox 1100 722 1198 803; x_wconf 78' lang='lat' dir='ltr'><strong>iiorrta</strong></span> 
     </span>
     <span class='ocr_line' id='line_1_4' title="bbox 440 817 1216 916; baseline -0.002 -20"><span class='ocrx_word' id='word_1_12' title='bbox 440 833 579 916; x_wconf 79' lang='lat' dir='ltr'><strong>Hospitio</strong></span> <span class='ocrx_word' id='word_1_13' title='bbox 600 832 738 909; x_wconf 88' lang='lat' dir='ltr'><strong>modico;</strong></span> <span class='ocrx_word' id='word_1_14' title='bbox 761 817 991 894; x_wconf 74' lang='lat' dir='ltr'><strong>ructor‘coues</strong></span> <span class='ocrx_word' id='word_1_15' title='bbox 1012 831 1216 909; x_wconf 75' lang='lat' dir='ltr'><strong>Heliodorus,</strong></span> 
     </span>
     <span class='ocr_line' id='line_1_5' title="bbox 438 934 1497 1024; baseline -0.001 -16"><span class='ocrx_word' id='word_1_16' title='bbox 438 944 628 1008; x_wconf 72' lang='lat' dir='ltr'><strong>Graecorum</strong></span> <span class='ocrx_word' id='word_1_17' title='bbox 649 943 743 1024; x_wconf 78' lang='lat' dir='ltr'><strong>iunge</strong></span> <span class='ocrx_word' id='word_1_18' title='bbox 766 934 982 1004; x_wconf 72' lang='lat' dir='ltr'><strong>doctissimus:</strong></span> <span class='ocrx_word' id='word_1_19' title='bbox 1004 940 1076 1003; x_wconf 84' lang='lat' dir='ltr'><strong>inde</strong></span> <span class='ocrx_word' id='word_1_20' title='bbox 1096 939 1207 1004; x_wconf 76' lang='lat' dir='ltr'><strong>norun</strong></span> <span class='ocrx_word' id='word_1_21' title='bbox 1232 941 1307 1024; x_wconf 81' lang='lat' dir='ltr'><strong>Appi</strong></span> <span class='ocrx_word' id='word_1_22' title='bbox 1496 950 1497 1007; x_wconf 84' lang='grc'><strong>1</strong></span> 
     </span>
     <span class='ocr_line' id='line_1_6' title="bbox 441 1028 1497 1131; baseline -0.005 -16"><span class='ocrx_word' id='word_1_23' title='bbox 441 1052 598 1117; x_wconf 75' lang='lat' dir='ltr'><strong>utiterum</strong></span> <span class='ocrx_word' id='word_1_24' title='bbox 620 1049 740 1127; x_wconf 84' lang='lat' dir='ltr'><strong>nautis,</strong></span> <span class='ocrx_word' id='word_1_25' title='bbox 763 1049 952 1131; x_wconf 72' lang='lat' dir='ltr'><strong>cauponibus</strong></span> <span class='ocrx_word' id='word_1_26' title='bbox 974 1053 1067 1131; x_wconf 80' lang='lat' dir='ltr'><strong>atque</strong></span> <span class='ocrx_word' id='word_1_27' title='bbox 1085 1048 1238 1131; x_wconf 80' lang='lat' dir='ltr'><strong>msi&#39;rgois.</strong></span> <span class='ocrx_word' id='word_1_28' title='bbox 1496 1028 1497 1053; x_wconf 71' lang='lat'>³</span> 
     </span>
     <span class='ocr_line' id='line_1_7' title="bbox 413 1142 1162 1243; baseline -0.007 -19"><span class='ocrx_word' id='word_1_29' title='bbox 413 1181 426 1223; x_wconf 80' lang='lat' dir='ltr'><strong>s</strong></span> <span class='ocrx_word' id='word_1_30' title='bbox 447 1163 512 1224; x_wconf 84' lang='lat' dir='ltr'><strong>iioc</strong></span> <span class='ocrx_word' id='word_1_31' title='bbox 532 1161 593 1223; x_wconf 80' lang='lat' dir='ltr'><strong>iter</strong></span> <span class='ocrx_word' id='word_1_32' title='bbox 611 1142 720 1243; x_wconf 68' lang='lat' dir='ltr'><strong>ignari</strong></span> <span class='ocrx_word' id='word_1_33' title='bbox 739 1155 917 1235; x_wconf 71' lang='lat' dir='ltr'><strong>divisimus,</strong></span> <span class='ocrx_word' id='word_1_34' title='bbox 938 1150 1031 1221; x_wconf 86' lang='lat' dir='ltr'><strong>eitius</strong></span> <span class='ocrx_word' id='word_1_35' title='bbox 1052 1144 1090 1219; x_wconf 74' lang='lat' dir='ltr'><strong>ac</strong></span> <span class='ocrx_word' id='word_1_36' title='bbox 1104 1170 1162 1219; x_wconf 85' lang='lat' dir='ltr'><strong>nos</strong></span> 
     </span>
     <span class='ocr_line' id='line_1_8' title="bbox 441 1238 1325 1347; baseline -0.009 -13"><span class='ocrx_word' id='word_1_37' title='bbox 441 1267 629 1334; x_wconf 84' lang='lat' dir='ltr'><strong>Praeciuetis</strong></span> <span class='ocrx_word' id='word_1_38' title='bbox 648 1284 760 1330; x_wconf 77' lang='lat' dir='ltr'><strong>unomz</strong></span> <span class='ocrx_word' id='word_1_39' title='bbox 779 1238 880 1328; x_wconf 65' lang='lat' dir='ltr'><strong>misius</strong></span> <span class='ocrx_word' id='word_1_40' title='bbox 900 1271 948 1327; x_wconf 89' lang='lat' dir='ltr'><strong>est</strong></span> <span class='ocrx_word' id='word_1_41' title='bbox 969 1264 1078 1346; x_wconf 64' lang='lat' dir='ltr'><strong>mavis</strong></span> <span class='ocrx_word' id='word_1_42' title='bbox 1101 1263 1204 1347; x_wconf 80' lang='lat' dir='ltr'><strong>Appio</strong></span> <span class='ocrx_word' id='word_1_43' title='bbox 1222 1264 1325 1328; x_wconf 85' lang='lat' dir='ltr'><strong>terdis.</strong></span> 
     </span>
     <span class='ocr_line' id='line_1_9' title="bbox 440 1358 1379 1462; baseline -0.007 -21"><span class='ocrx_word' id='word_1_44' title='bbox 440 1379 497 1442; x_wconf 85' lang='lat' dir='ltr'><strong>ilic</strong></span> <span class='ocrx_word' id='word_1_45' title='bbox 519 1358 586 1460; x_wconf 76' lang='lat' dir='ltr'><strong>ego</strong></span> <span class='ocrx_word' id='word_1_46' title='bbox 601 1382 728 1457; x_wconf 89' lang='lat' dir='ltr'><strong>propter</strong></span> <span class='ocrx_word' id='word_1_47' title='bbox 746 1390 876 1456; x_wconf 57' lang='lat' dir='ltr'><strong>aquam</strong></span> <span class='ocrx_word' id='word_1_48' title='bbox 899 1371 979 1462; x_wconf 78' lang='lat' dir='ltr'><strong>qnod</strong></span> <span class='ocrx_word' id='word_1_49' title='bbox 1003 1376 1071 1436; x_wconf 78' lang='lat' dir='ltr'><strong>erat</strong></span> <span class='ocrx_word' id='word_1_50' title='bbox 1090 1372 1266 1450; x_wconf 76' lang='lat' dir='ltr'><strong>deterrima,</strong></span> <span class='ocrx_word' id='word_1_51' title='bbox 1287 1372 1379 1436; x_wconf 81' lang='lat' dir='ltr'><strong>ventri</strong></span> 
     </span>
     <span class='ocr_line' id='line_1_10' title="bbox 438 1479 1224 1565; baseline -0.009 -15"><span class='ocrx_word' id='word_1_52' title='bbox 438 1486 542 1550; x_wconf 88' lang='lat' dir='ltr'><strong>indico</strong></span> <span class='ocrx_word' id='word_1_53' title='bbox 565 1484 695 1563; x_wconf 79' lang='lat' dir='ltr'><strong>beilum,</strong></span> <span class='ocrx_word' id='word_1_54' title='bbox 714 1487 879 1547; x_wconf 76' lang='lat' dir='ltr'><strong>wenentcs</strong></span> <span class='ocrx_word' id='word_1_55' title='bbox 899 1479 981 1565; x_wconf 77' lang='lat' dir='ltr'><strong>haud</strong></span> <span class='ocrx_word' id='word_1_56' title='bbox 1002 1480 1104 1545; x_wconf 86' lang='lat' dir='ltr'><strong>auimo</strong></span> <span class='ocrx_word' id='word_1_57' title='bbox 1125 1499 1224 1564; x_wconf 74' lang='lat' dir='ltr'><strong>senno</strong></span> 
     </span>
     <span class='ocr_line' id='line_1_11' title="bbox 441 1582 1261 1677; baseline -0.006 -17"><span class='ocrx_word' id='word_1_58' title='bbox 441 1596 634 1677; x_wconf 74' lang='lat' dir='ltr'><strong>Exspectasse</strong></span> <span class='ocrx_word' id='word_1_59' title='bbox 655 1591 791 1655; x_wconf 83' lang='lat' dir='ltr'><strong>comites.</strong></span> <span class='ocrx_word' id='word_1_60' title='bbox 832 1591 906 1654; x_wconf 80' lang='lat' dir='ltr'><strong>iam&#39;</strong></span> <span class='ocrx_word' id='word_1_61' title='bbox 918 1582 982 1653; x_wconf 85' lang='lat' dir='ltr'><strong>nox¹</strong></span> <span class='ocrx_word' id='word_1_62' title='bbox 1001 1589 1148 1654; x_wconf 81' lang='lat' dir='ltr'><strong>inducere</strong></span> <span class='ocrx_word' id='word_1_63' title='bbox 1166 1591 1261 1655; x_wconf 80' lang='lat' dir='ltr'><strong>terris</strong></span> 
     </span>
     <span class='ocr_line' id='line_1_12' title="bbox 393 1697 1213 1787; baseline -0.004 -22"><span class='ocrx_word' id='word_1_64' title='bbox 393 1723 423 1767; x_wconf 84' lang='lat' dir='ltr'><strong>so</strong></span> <span class='ocrx_word' id='word_1_65' title='bbox 444 1702 574 1767; x_wconf 80' lang='lat' dir='ltr'><strong>{imbres</strong></span> <span class='ocrx_word' id='word_1_66' title='bbox 596 1706 627 1764; x_wconf 83' lang='lat' dir='ltr'><strong>et</strong></span> <span class='ocrx_word' id='word_1_67' title='bbox 646 1699 733 1762; x_wconf 87' lang='lat' dir='ltr'><strong>coeio</strong></span> <span class='ocrx_word' id='word_1_68' title='bbox 752 1697 923 1762; x_wconf 77' lang='lat' dir='ltr'><strong>diffundere</strong></span> <span class='ocrx_word' id='word_1_69' title='bbox 943 1699 1037 1782; x_wconf 75' lang='lat' dir='ltr'><strong>signs</strong></span> <span class='ocrx_word' id='word_1_70' title='bbox 1058 1699 1213 1787; x_wconf 59' lang='lat' dir='ltr'><strong>parabam</strong></span> 
     </span>
     <span class='ocr_line' id='line_1_13' title="bbox 438 1805 1408 1899; baseline -0.01 -23"><span class='ocrx_word' id='word_1_71' title='bbox 438 1813 517 1876; x_wconf 81' lang='lat' dir='ltr'><strong>Turn</strong></span> <span class='ocrx_word' id='word_1_72' title='bbox 536 1809 623 1894; x_wconf 86' lang='lat' dir='ltr'><strong>pueri</strong></span> <span class='ocrx_word' id='word_1_73' title='bbox 644 1807 764 1882; x_wconf 81' lang='lat' dir='ltr'><strong>nantis,</strong></span> <span class='ocrx_word' id='word_1_74' title='bbox 784 1805 887 1890; x_wconf 86' lang='lat' dir='ltr'><strong>pueris</strong></span> <span class='ocrx_word' id='word_1_75' title='bbox 908 1807 1047 1871; x_wconf 79' lang='lat' dir='ltr'><strong>convitia</strong></span> <span class='ocrx_word' id='word_1_76' title='bbox 1068 1814 1182 1871; x_wconf 75' lang='lat' dir='ltr'><strong>nonme</strong></span> <span class='ocrx_word' id='word_1_77' title='bbox 1206 1884 1210 1894; x_wconf 33' lang='grc' dir='ltr'>Ι</span> <span class='ocrx_word' id='word_1_78' title='bbox 1404 1882 1408 1899; x_wconf 36' lang='grc'>1</span> 
     </span>
     <span class='ocr_line' id='line_1_14' title="bbox 441 1913 1315 2003; baseline -0.008 -20"><span class='ocrx_word' id='word_1_79' title='bbox 441 1921 607 2003; x_wconf 75' lang='lat' dir='ltr'><strong>iugerere:</strong></span> <span class='ocrx_word' id='word_1_80' title='bbox 639 1916 704 1980; x_wconf 83' lang='lat' dir='ltr'><strong>iius</strong></span> <span class='ocrx_word' id='word_1_81' title='bbox 724 1914 864 1998; x_wconf 81' lang='lat' dir='ltr'><strong>appelle!</strong></span> <span class='ocrx_word' id='word_1_82' title='bbox 898 1916 1070 1979; x_wconf 83' lang='lat' dir='ltr'><strong>Trecentos</strong></span> <span class='ocrx_word' id='word_1_83' title='bbox 1088 1913 1218 1980; x_wconf 78' lang='lat' dir='ltr'><strong>inseris!</strong></span> <span class='ocrx_word' id='word_1_84' title='bbox 1242 1914 1315 1978; x_wconf 78' lang='lat' dir='ltr'><strong>ote</strong></span> 
     </span>
    </p>
   </div>
   <div class='ocr_carea' id='block_1_3' title="bbox 810 2064 979 2117">
    <p class='ocr_par' dir='ltr' id='par_1_3' title="bbox 810 2064 979 2117">
     <span class='ocr_line' id='line_1_15' title="bbox 810 2064 979 2117; baseline 0 0"><span class='ocrx_word' id='word_1_85' title='bbox 810 2064 930 2117; x_wconf 85' lang='lat' dir='ltr'><strong>Satira</strong></span> <span class='ocrx_word' id='word_1_86' title='bbox 950 2064 979 2117; x_wconf 86' lang='lat' dir='ltr'><strong>V.</strong></span> 
     </span>
    </p>
   </div>
   <div class='ocr_carea' id='block_1_4' title="bbox 300 2164 1437 3583">
    <p class='ocr_par' dir='ltr' id='par_1_4' title="bbox 351 2164 1430 2592">
     <span class='ocr_line' id='line_1_16' title="bbox 458 2164 1426 2219; baseline -0.003 0"><span class='ocrx_word' id='word_1_87' title='bbox 458 2166 553 2219; x_wconf 83' lang='lat' dir='ltr'><strong>Caesar</strong></span> <span class='ocrx_word' id='word_1_88' title='bbox 570 2164 726 2218; x_wconf 77' lang='lat' dir='ltr'><strong>Octavianus</strong></span> <span class='ocrx_word' id='word_1_89' title='bbox 744 2179 803 2216; x_wconf 85' lang='lat' dir='ltr'><strong>curn</strong></span> <span class='ocrx_word' id='word_1_90' title='bbox 822 2172 922 2217; x_wconf 83' lang='lat' dir='ltr'><strong>sestats</strong></span> <span class='ocrx_word' id='word_1_91' title='bbox 940 2182 963 2217; x_wconf 88' lang='lat' dir='ltr'><strong>a.</strong></span> <span class='ocrx_word' id='word_1_92' title='bbox 983 2164 1036 2219; x_wconf 86' lang='grc'><strong>716</strong></span> <span class='ocrx_word' id='word_1_93' title='bbox 1060 2166 1187 2217; x_wconf 85' lang='lat' dir='ltr'><strong>maritimo</strong></span> <span class='ocrx_word' id='word_1_94' title='bbox 1213 2164 1284 2218; x_wconf 81' lang='lat' dir='ltr'><strong>helio</strong></span> <span class='ocrx_word' id='word_1_95' title='bbox 1308 2174 1391 2218; x_wconf 80' lang='lat' dir='ltr'><strong>contra</strong></span> <span class='ocrx_word' id='word_1_96' title='bbox 1405 2166 1426 2219; x_wconf 85' lang='lat' dir='ltr'><strong>S.</strong></span> 
     </span>
     <span class='ocr_line' id='line_1_17' title="bbox 354 2234 1429 2305; baseline -0.002 -16"><span class='ocrx_word' id='word_1_97' title='bbox 354 2237 505 2305; x_wconf 87' lang='lat' dir='ltr'><strong>Pompeium</strong></span> <span class='ocrx_word' id='word_1_98' title='bbox 524 2244 600 2305; x_wconf 78' lang='lat' dir='ltr'><strong>gesto</strong></span> <span class='ocrx_word' id='word_1_99' title='bbox 617 2237 752 2287; x_wconf 81' lang='lat' dir='ltr'><strong>maximam</strong></span> <span class='ocrx_word' id='word_1_100' title='bbox 770 2234 861 2289; x_wconf 79' lang='lat' dir='ltr'><strong>classis</strong></span> <span class='ocrx_word' id='word_1_101' title='bbox 879 2245 978 2304; x_wconf 76' lang='lat' dir='ltr'><strong>partem</strong></span> <span class='ocrx_word' id='word_1_102' title='bbox 1000 2237 1148 2302; x_wconf 84' lang='lat' dir='ltr'><strong>amisisset,</strong></span> <span class='ocrx_word' id='word_1_103' title='bbox 1165 2236 1199 2288; x_wconf 85' lang='lat' dir='ltr'><strong>sd</strong></span> <span class='ocrx_word' id='word_1_104' title='bbox 1215 2239 1353 2289; x_wconf 80' lang='lat' dir='ltr'><strong>Antonium</strong></span> <span class='ocrx_word' id='word_1_105' title='bbox 1371 2238 1429 2289; x_wconf 85' lang='lat' dir='ltr'><strong>misit</strong></span> 
     </span>
     <span class='ocr_line' id='line_1_18' title="bbox 353 2304 1428 2376; baseline -0.006 -11"><span class='ocrx_word' id='word_1_106' title='bbox 353 2310 548 2373; x_wconf 70' lang='lat' dir='ltr'>Maecenatem,</span> <span class='ocrx_word' id='word_1_107' title='bbox 577 2308 621 2376; x_wconf 88' lang='lat' dir='ltr'><strong>qui</strong></span> <span class='ocrx_word' id='word_1_108' title='bbox 639 2316 737 2359; x_wconf 86' lang='lat' dir='ltr'><strong>remota</strong></span> <span class='ocrx_word' id='word_1_109' title='bbox 754 2308 821 2359; x_wconf 89' lang='lat' dir='ltr'><strong>inter</strong></span> <span class='ocrx_word' id='word_1_110' title='bbox 839 2304 986 2360; x_wconf 87' lang='lat' dir='ltr'><strong>triumviros</strong></span> <span class='ocrx_word' id='word_1_111' title='bbox 1005 2307 1135 2360; x_wconf 70' lang='lat' dir='ltr'><strong>simultate</strong></span> <span class='ocrx_word' id='word_1_112' title='bbox 1154 2307 1192 2375; x_wconf 84' lang='lat' dir='ltr'><strong>sd¹</strong></span> <span class='ocrx_word' id='word_1_113' title='bbox 1208 2308 1272 2360; x_wconf 80' lang='lat' dir='ltr'><strong>beili</strong></span> <span class='ocrx_word' id='word_1_114' title='bbox 1291 2311 1428 2361; x_wconf 84' lang='lat' dir='ltr'><strong>societatem</strong></span> 
     </span>
     <span class='ocr_line' id='line_1_19' title="bbox 352 2366 1429 2449; baseline -0.002 -16"><span class='ocrx_word' id='word_1_115' title='bbox 352 2389 489 2449; x_wconf 86' lang='lat' dir='ltr'><strong>utrumque</strong></span> <span class='ocrx_word' id='word_1_116' title='bbox 507 2380 684 2446; x_wconf 75' lang='lat' dir='ltr'><strong>coniungeret</strong></span> <span class='ocrx_word' id='word_1_117' title='bbox 730 2366 950 2442; x_wconf 78' lang='lat' dir='ltr'><strong>Quare&#39;ineunte</strong></span> <span class='ocrx_word' id='word_1_118' title='bbox 975 2379 1147 2432; x_wconf 74' lang='lat' dir='ltr'><strong>torceii?</strong></span> <span class='ocrx_word' id='word_1_119' title='bbox 1168 2380 1296 2431; x_wconf 80' lang='lat' dir='ltr'><strong>nonnius</strong></span> <span class='ocrx_word' id='word_1_120' title='bbox 1316 2389 1429 2432; x_wconf 82' lang='lat' dir='ltr'><strong>contre-</strong></span> 
     </span>
     <span class='ocr_line' id='line_1_20' title="bbox 353 2448 1430 2520; baseline -0.003 -17"><span class='ocrx_word' id='word_1_121' title='bbox 353 2453 437 2503; x_wconf 89' lang='lat' dir='ltr'><strong>centis</strong></span> <span class='ocrx_word' id='word_1_122' title='bbox 457 2451 566 2504; x_wconf 85' lang='lat' dir='ltr'><strong>navibus</strong></span> <span class='ocrx_word' id='word_1_123' title='bbox 587 2448 758 2501; x_wconf 75' lang='lat' dir='ltr'><strong>Brundusium</strong></span> <span class='ocrx_word' id='word_1_124' title='bbox 775 2456 866 2503; x_wconf 81' lang='lat' dir='ltr'><strong>vectus</strong></span> <span class='ocrx_word' id='word_1_125' title='bbox 884 2457 937 2513; x_wconf 84' lang='lat' dir='ltr'><strong>est;</strong></span> <span class='ocrx_word' id='word_1_126' title='bbox 955 2449 1000 2501; x_wconf 85' lang='lat' dir='ltr'><strong>ubi</strong></span> <span class='ocrx_word' id='word_1_127' title='bbox 1015 2465 1135 2502; x_wconf 88' lang='lat' dir='ltr'><strong>cumnon</strong></span> <span class='ocrx_word' id='word_1_128' title='bbox 1153 2458 1223 2501; x_wconf 87' lang='lat' dir='ltr'><strong>esset</strong></span> <span class='ocrx_word' id='word_1_129' title='bbox 1241 2461 1370 2520; x_wconf 78' lang='lat' dir='ltr'><strong>receptus,</strong></span> <span class='ocrx_word' id='word_1_130' title='bbox 1387 2452 1430 2503; x_wconf 83' lang='lat' dir='ltr'><strong>Tn-</strong></span> 
     </span>
     <span class='ocr_line' id='line_1_21' title="bbox 351 2520 1429 2592; baseline -0.004 -17"><span class='ocrx_word' id='word_1_131' title='bbox 351 2532 452 2575; x_wconf 86' lang='lat' dir='ltr'><strong>rentum</strong></span> <span class='ocrx_word' id='word_1_132' title='bbox 470 2537 572 2574; x_wconf 89' lang='lat' dir='ltr'><strong>cursum</strong></span> <span class='ocrx_word' id='word_1_133' title='bbox 589 2520 690 2572; x_wconf 79' lang='lat' dir='ltr'><strong>direxit.</strong></span> <span class='ocrx_word' id='word_1_134' title='bbox 726 2520 781 2573; x_wconf 87' lang='lat' dir='ltr'><strong>lam</strong></span> <span class='ocrx_word' id='word_1_135' title='bbox 797 2536 855 2572; x_wconf 87' lang='lat' dir='ltr'><strong>cnm</strong></span> <span class='ocrx_word' id='word_1_136' title='bbox 872 2520 938 2575; x_wconf 81' lang='lat' dir='ltr'><strong>aiter</strong></span> <span class='ocrx_word' id='word_1_137' title='bbox 958 2520 1067 2574; x_wconf 82' lang='lat' dir='ltr'><strong>aiterum</strong></span> <span class='ocrx_word' id='word_1_138' title='bbox 1087 2524 1197 2586; x_wconf 85' lang='lat' dir='ltr'><strong>timeret,</strong></span> <span class='ocrx_word' id='word_1_139' title='bbox 1217 2524 1301 2590; x_wconf 87' lang='lat' dir='ltr'><strong>primo</strong></span> <span class='ocrx_word' id='word_1_140' title='bbox 1318 2539 1364 2592; x_wconf 87' lang='lat' dir='ltr'><strong>per</strong></span> <span class='ocrx_word' id='word_1_141' title='bbox 1374 2524 1429 2574; x_wconf 88' lang='lat' dir='ltr'><strong>sni·</strong></span> 
     </span>
    </p>

    <p class='ocr_par' dir='ltr' id='par_1_5' title="bbox 312 2590 1432 2945">
     <span class='ocr_line' id='line_1_22' title="bbox 312 2590 1430 2663; baseline -0.002 -18"><span class='ocrx_word' id='word_1_142' title='bbox 312 2629 314 2631; x_wconf 82' lang='lat'>·</span> <span class='ocrx_word' id='word_1_143' title='bbox 351 2609 397 2645; x_wconf 89' lang='lat' dir='ltr'><strong>cos</strong></span> <span class='ocrx_word' id='word_1_144' title='bbox 415 2593 535 2661; x_wconf 74' lang='lat' dir='ltr'><strong>agebant,</strong></span> <span class='ocrx_word' id='word_1_145' title='bbox 553 2592 648 2644; x_wconf 88' lang='lat' dir='ltr'><strong>deinde</strong></span> <span class='ocrx_word' id='word_1_146' title='bbox 666 2590 844 2643; x_wconf 78' lang='lat' dir='ltr'><strong>intercedente</strong></span> <span class='ocrx_word' id='word_1_147' title='bbox 861 2590 970 2645; x_wconf 78' lang='lat' dir='ltr'><strong>Octavia</strong></span> <span class='ocrx_word' id='word_1_148' title='bbox 987 2593 1037 2659; x_wconf 90' lang='lat' dir='ltr'><strong>ipsi</strong></span> <span class='ocrx_word' id='word_1_149' title='bbox 1056 2607 1138 2660; x_wconf 83' lang='lat' dir='ltr'><strong>prope</strong></span> <span class='ocrx_word' id='word_1_150' title='bbox 1156 2592 1295 2646; x_wconf 75' lang='lat' dir='ltr'><strong>Tarentum</strong></span> <span class='ocrx_word' id='word_1_151' title='bbox 1309 2595 1430 2663; x_wconf 74' lang='lat' dir='ltr'><strong>congressi</strong></span> 
     </span>
     <span class='ocr_line' id='line_1_23' title="bbox 353 2662 1430 2733; baseline -0.001 -17"><span class='ocrx_word' id='word_1_152' title='bbox 353 2673 469 2716; x_wconf 87' lang='lat' dir='ltr'><strong>mutuum</strong></span> <span class='ocrx_word' id='word_1_153' title='bbox 487 2665 557 2716; x_wconf 90' lang='lat' dir='ltr'><strong>inter</strong></span> <span class='ocrx_word' id='word_1_154' title='bbox 576 2679 606 2715; x_wconf 87' lang='lat' dir='ltr'><strong>se</strong></span> <span class='ocrx_word' id='word_1_155' title='bbox 623 2662 746 2715; x_wconf 81' lang='lat' dir='ltr'><strong>auxilium</strong></span> <span class='ocrx_word' id='word_1_156' title='bbox 766 2662 952 2729; x_wconf 78' lang='lat' dir='ltr'><strong>promiseruntr</strong></span> <span class='ocrx_word' id='word_1_157' title='bbox 974 2663 1132 2717; x_wconf 79' lang='lat' dir='ltr'><strong>Octauianus</strong></span> <span class='ocrx_word' id='word_1_158' title='bbox 1143 2665 1258 2717; x_wconf 82' lang='lat' dir='ltr'><strong>Antonio</strong></span> <span class='ocrx_word' id='word_1_159' title='bbox 1271 2665 1337 2717; x_wconf 85' lang='lat' dir='ltr'><strong>duas</strong></span> <span class='ocrx_word' id='word_1_160' title='bbox 1354 2665 1430 2733; x_wconf 78' lang='lat' dir='ltr'><strong>degio-</strong></span> 
     </span>
     <span class='ocr_line' id='line_1_24' title="bbox 351 2733 1431 2801; baseline -0.002 -13"><span class='ocrx_word' id='word_1_161' title='bbox 351 2751 399 2788; x_wconf 87' lang='lat' dir='ltr'><strong>nes</strong></span> <span class='ocrx_word' id='word_1_162' title='bbox 417 2734 520 2787; x_wconf 78' lang='lat' dir='ltr'><strong>italicas</strong></span> <span class='ocrx_word' id='word_1_163' title='bbox 545 2742 634 2786; x_wconf 87' lang='lat' dir='ltr'><strong>contra</strong></span> <span class='ocrx_word' id='word_1_164' title='bbox 661 2734 783 2801; x_wconf 87' lang='lat' dir='ltr'><strong>Parthos,</strong></span> <span class='ocrx_word' id='word_1_165' title='bbox 812 2734 940 2791; x_wconf 86' lang='lat' dir='ltr'><strong>Antonius</strong></span> <span class='ocrx_word' id='word_1_166' title='bbox 965 2733 1107 2801; x_wconf 71' lang='lat' dir='ltr'><strong>Octaviano</strong></span> <span class='ocrx_word' id='word_1_167' title='bbox 1128 2744 1232 2787; x_wconf 87' lang='lat' dir='ltr'><strong>centnm</strong></span> <span class='ocrx_word' id='word_1_168' title='bbox 1255 2751 1338 2789; x_wconf 85' lang='lat' dir='ltr'><strong>naves</strong></span> <span class='ocrx_word' id='word_1_169' title='bbox 1356 2745 1431 2788; x_wconf 81' lang='lat' dir='ltr'><strong>conns</strong></span> 
     </span>
     <span class='ocr_line' id='line_1_25' title="bbox 351 2804 1432 2876; baseline -0.003 -15"><span class='ocrx_word' id='word_1_170' title='bbox 351 2807 509 2875; x_wconf 85' lang='lat' dir='ltr'><strong>Pompeium.</strong></span> <span class='ocrx_word' id='word_1_171' title='bbox 546 2806 628 2859; x_wconf 77' lang='lat' dir='ltr'><strong>Amici</strong></span> <span class='ocrx_word' id='word_1_172' title='bbox 650 2814 697 2871; x_wconf 83' lang='lat' dir='ltr'><strong>per</strong></span> <span class='ocrx_word' id='word_1_173' title='bbox 718 2820 784 2873; x_wconf 91' lang='lat' dir='ltr'><strong>quos</strong></span> <span class='ocrx_word' id='word_1_174' title='bbox 803 2806 885 2873; x_wconf 88' lang='lat' dir='ltr'><strong>primo</strong></span> <span class='ocrx_word' id='word_1_175' title='bbox 903 2804 1016 2874; x_wconf 80' lang='lat' dir='ltr'><strong>egebant</strong></span> <span class='ocrx_word' id='word_1_176' title='bbox 1032 2821 1085 2869; x_wconf 83' lang='lat' dir='ltr'><strong>non</strong></span> <span class='ocrx_word' id='word_1_177' title='bbox 1102 2805 1208 2858; x_wconf 84' lang='lat' dir='ltr'><strong>dubiam</strong></span> <span class='ocrx_word' id='word_1_178' title='bbox 1228 2815 1269 2858; x_wconf 88' lang='lat' dir='ltr'><strong>est</strong></span> <span class='ocrx_word' id='word_1_179' title='bbox 1287 2811 1350 2876; x_wconf 90' lang='lat' dir='ltr'><strong>quin</strong></span> <span class='ocrx_word' id='word_1_180' title='bbox 1372 2807 1432 2860; x_wconf 75' lang='lat' dir='ltr'><strong>dse-</strong></span> 
     </span>
     <span class='ocr_line' id='line_1_26' title="bbox 352 2876 1432 2945; baseline -0.003 -14"><span class='ocrx_word' id='word_1_181' title='bbox 352 2880 430 2931; x_wconf 85' lang='lat' dir='ltr'><strong>cenas</strong></span> <span class='ocrx_word' id='word_1_182' title='bbox 456 2877 534 2929; x_wconf 82' lang='lat' dir='ltr'><strong>inerit</strong></span> <span class='ocrx_word' id='word_1_183' title='bbox 565 2885 591 2928; x_wconf 90' lang='lat' dir='ltr'><strong>et</strong></span> <span class='ocrx_word' id='word_1_184' title='bbox 618 2876 763 2941; x_wconf 81' lang='lat' dir='ltr'><strong>Cocceius,</strong></span> <span class='ocrx_word' id='word_1_185' title='bbox 793 2891 841 2943; x_wconf 87' lang='lat' dir='ltr'><strong>per</strong></span> <span class='ocrx_word' id='word_1_186' title='bbox 866 2893 932 2944; x_wconf 90' lang='lat' dir='ltr'><strong>qnos</strong></span> <span class='ocrx_word' id='word_1_187' title='bbox 951 2879 1001 2928; x_wconf 85' lang='lat' dir='ltr'><strong>ism</strong></span> <span class='ocrx_word' id='word_1_188' title='bbox 1020 2891 1044 2928; x_wconf 86' lang='lat' dir='ltr'><strong>a.</strong></span> <span class='ocrx_word' id='word_1_189' title='bbox 1067 2877 1119 2931; x_wconf 79' lang='lat'><strong>714</strong></span> <span class='ocrx_word' id='word_1_190' title='bbox 1143 2876 1235 2931; x_wconf 78' lang='lat' dir='ltr'><strong>foedus</strong></span> <span class='ocrx_word' id='word_1_191' title='bbox 1254 2877 1432 2945; x_wconf 78' lang='lat' dir='ltr'><strong>Brundusinam</strong></span> 
     </span>
    </p>

    <p class='ocr_par' dir='ltr' id='par_1_6' title="bbox 300 2946 1437 3583">
     <span class='ocr_line' id='line_1_27' title="bbox 300 2946 1433 3016; baseline 0 -15"><span class='ocrx_word' id='word_1_192' title='bbox 300 2966 302 2973; x_wconf 94' lang='lat'>·</span> <span class='ocrx_word' id='word_1_193' title='bbox 351 2952 430 3001; x_wconf 86' lang='lat' dir='ltr'><strong>ictum</strong></span> <span class='ocrx_word' id='word_1_194' title='bbox 449 2958 523 3011; x_wconf 86' lang='lat' dir='ltr'><strong>erat;</strong></span> <span class='ocrx_word' id='word_1_195' title='bbox 553 2948 622 3000; x_wconf 89' lang='lat' dir='ltr'><strong>unde</strong></span> <span class='ocrx_word' id='word_1_196' title='bbox 651 2963 676 2999; x_wconf 88' lang='lat' dir='ltr'><strong>v.</strong></span> <span class='ocrx_word' id='word_1_197' title='bbox 699 2948 733 2999; x_wconf 77' lang='lat'><strong>29</strong></span> <span class='ocrx_word' id='word_1_198' title='bbox 760 2946 879 2999; x_wconf 90' lang='lat' dir='ltr'><strong>dicontur</strong></span> <span class='ocrx_word' id='word_1_199' title='bbox 904 2963 1028 3015; x_wconf 80' lang='lat' dir='ltr'><strong>„aversos</strong></span> <span class='ocrx_word' id='word_1_200' title='bbox 1054 2947 1126 3000; x_wconf 85' lang='lat' dir='ltr'><strong>soliti</strong></span> <span class='ocrx_word' id='word_1_201' title='bbox 1144 2964 1303 3016; x_wconf 86' lang='lat' dir='ltr'><strong>componere</strong></span> <span class='ocrx_word' id='word_1_202' title='bbox 1322 2953 1433 3003; x_wconf 63' lang='lat' dir='ltr'><strong>amisos!</strong></span> 
     </span>
     <span class='ocr_line' id='line_1_28' title="bbox 351 3018 1432 3087; baseline -0.001 -15"><span class='ocrx_word' id='word_1_203' title='bbox 351 3022 495 3073; x_wconf 71' lang='lat' dir='ltr'><strong>Maecenati</strong></span> <span class='ocrx_word' id='word_1_204' title='bbox 513 3028 600 3070; x_wconf 89' lang='lat' dir='ltr'><strong>sutem</strong></span> <span class='ocrx_word' id='word_1_205' title='bbox 621 3020 665 3087; x_wconf 90' lang='lat' dir='ltr'><strong>qni</strong></span> <span class='ocrx_word' id='word_1_206' title='bbox 684 3033 719 3070; x_wconf 94' lang='lat' dir='ltr'><strong>ne</strong></span> <span class='ocrx_word' id='word_1_207' title='bbox 737 3019 764 3069; x_wconf 89' lang='lat' dir='ltr'><strong>in</strong></span> <span class='ocrx_word' id='word_1_208' title='bbox 783 3019 876 3071; x_wconf 82' lang='lat' dir='ltr'><strong>itinere</strong></span> <span class='ocrx_word' id='word_1_209' title='bbox 898 3018 1001 3087; x_wconf 89' lang='lat' dir='ltr'><strong>quidem</strong></span> <span class='ocrx_word' id='word_1_210' title='bbox 1022 3018 1155 3071; x_wconf 81' lang='lat' dir='ltr'><strong>doctorum</strong></span> <span class='ocrx_word' id='word_1_211' title='bbox 1168 3021 1309 3072; x_wconf 88' lang='lat' dir='ltr'><strong>amicorum</strong></span> <span class='ocrx_word' id='word_1_212' title='bbox 1328 3038 1376 3073; x_wconf 89' lang='lat' dir='ltr'><strong>usu</strong></span> <span class='ocrx_word' id='word_1_213' title='bbox 1396 3035 1432 3071; x_wconf 82' lang='lat' dir='ltr'><strong>ca·</strong></span> 
     </span>
     <span class='ocr_line' id='line_1_29' title="bbox 350 3088 1433 3160; baseline -0.001 -17"><span class='ocrx_word' id='word_1_214' title='bbox 350 3107 409 3143; x_wconf 88' lang='lat' dir='ltr'><strong>rere</strong></span> <span class='ocrx_word' id='word_1_215' title='bbox 429 3090 512 3142; x_wconf 85' lang='lat' dir='ltr'><strong>veiint</strong></span> <span class='ocrx_word' id='word_1_216' title='bbox 530 3088 617 3141; x_wconf 83' lang='lat' dir='ltr'><strong>comes</strong></span> <span class='ocrx_word' id='word_1_217' title='bbox 631 3090 680 3140; x_wconf 85' lang='lat' dir='ltr'><strong>init</strong></span> <span class='ocrx_word' id='word_1_218' title='bbox 692 3090 830 3153; x_wconf 79' lang='lat' dir='ltr'><strong>iiomtius3</strong></span> <span class='ocrx_word' id='word_1_219' title='bbox 848 3091 894 3158; x_wconf 86' lang='lat' dir='ltr'><strong>qui</strong></span> <span class='ocrx_word' id='word_1_220' title='bbox 911 3106 969 3143; x_wconf 90' lang='lat' dir='ltr'><strong>cum</strong></span> <span class='ocrx_word' id='word_1_221' title='bbox 979 3088 1093 3143; x_wconf 82' lang='lat' dir='ltr'><strong>Lucilius</strong></span> <span class='ocrx_word' id='word_1_222' title='bbox 1110 3090 1173 3143; x_wconf 89' lang='lat' dir='ltr'><strong>olim</strong></span> <span class='ocrx_word' id='word_1_223' title='bbox 1190 3092 1240 3143; x_wconf 90' lang='lat' dir='ltr'><strong>iter</strong></span> <span class='ocrx_word' id='word_1_224' title='bbox 1259 3092 1347 3149; x_wconf 77' lang='lat' dir='ltr'><strong>Roma</strong></span> <span class='ocrx_word' id='word_1_225' title='bbox 1361 3104 1433 3160; x_wconf 87' lang='lat' dir='ltr'><strong>osque</strong></span> 
     </span>
     <span class='ocr_line' id='line_1_30' title="bbox 352 3160 1434 3230; baseline 0.002 -17"><span class='ocrx_word' id='word_1_226' title='bbox 352 3162 385 3213; x_wconf 88' lang='lat' dir='ltr'><strong>sd</strong></span> <span class='ocrx_word' id='word_1_227' title='bbox 404 3162 497 3213; x_wconf 78' lang='lat' dir='ltr'><strong>fretum</strong></span> <span class='ocrx_word' id='word_1_228' title='bbox 515 3161 629 3214; x_wconf 87' lang='lat' dir='ltr'><strong>Siculum</strong></span> <span class='ocrx_word' id='word_1_229' title='bbox 647 3160 742 3212; x_wconf 82' lang='lat' dir='ltr'><strong>iactum</strong></span> <span class='ocrx_word' id='word_1_230' title='bbox 765 3162 795 3211; x_wconf 86' lang='lat' dir='ltr'><strong>in</strong></span> <span class='ocrx_word' id='word_1_231' title='bbox 813 3161 903 3213; x_wconf 85' lang='lat' dir='ltr'><strong>Satiris</strong></span> <span class='ocrx_word' id='word_1_232' title='bbox 928 3160 1119 3228; x_wconf 87' lang='lat' dir='ltr'><strong>descripsisset,</strong></span> <span class='ocrx_word' id='word_1_233' title='bbox 1139 3177 1190 3213; x_wconf 91' lang='lat' dir='ltr'><strong>oon</strong></span> <span class='ocrx_word' id='word_1_234' title='bbox 1210 3165 1295 3230; x_wconf 87' lang='lat' dir='ltr'><strong>potnit</strong></span> <span class='ocrx_word' id='word_1_235' title='bbox 1313 3180 1330 3215; x_wconf 87' lang='lat' dir='ltr'><strong>a</strong></span> <span class='ocrx_word' id='word_1_236' title='bbox 1346 3178 1377 3215; x_wconf 90' lang='lat' dir='ltr'><strong>se</strong></span> <span class='ocrx_word' id='word_1_237' title='bbox 1392 3166 1434 3214; x_wconf 83' lang='lat' dir='ltr'><strong>in-</strong></span> 
     </span>
     <span class='ocr_line' id='line_1_31' title="bbox 352 3231 1437 3301; baseline 0 -17"><span class='ocrx_word' id='word_1_238' title='bbox 352 3240 473 3301; x_wconf 86' lang='lat' dir='ltr'><strong>petrare,</strong></span> <span class='ocrx_word' id='word_1_239' title='bbox 508 3231 570 3299; x_wconf 83' lang='lat' dir='ltr'><strong>quin</strong></span> <span class='ocrx_word' id='word_1_240' title='bbox 594 3233 622 3282; x_wconf 93' lang='lat' dir='ltr'><strong>in</strong></span> <span class='ocrx_word' id='word_1_241' title='bbox 647 3231 696 3282; x_wconf 89' lang='lat' dir='ltr'><strong>hac</strong></span> <span class='ocrx_word' id='word_1_242' title='bbox 723 3246 828 3299; x_wconf 84' lang='lat' dir='ltr'><strong>quoque</strong></span> <span class='ocrx_word' id='word_1_243' title='bbox 850 3247 880 3284; x_wconf 90' lang='lat' dir='ltr'><strong>re</strong></span> <span class='ocrx_word' id='word_1_244' title='bbox 907 3245 966 3283; x_wconf 87' lang='lat' dir='ltr'><strong>eum</strong></span> <span class='ocrx_word' id='word_1_245' title='bbox 994 3231 1187 3299; x_wconf 73' lang='lat' dir='ltr'><strong>aemularetur,</strong></span> <span class='ocrx_word' id='word_1_246' title='bbox 1214 3244 1274 3285; x_wconf 83' lang='lat' dir='ltr'><strong>curn</strong></span> <span class='ocrx_word' id='word_1_247' title='bbox 1294 3236 1437 3301; x_wconf 69' lang='lat' dir='ltr'><strong>praesertin</strong></span> 
     </span>
     <span class='ocr_line' id='line_1_32' title="bbox 352 3300 1435 3371; baseline 0.002 -15"><span class='ocrx_word' id='word_1_248' title='bbox 352 3316 459 3371; x_wconf 84' lang='lat' dir='ltr'><strong>sperare</strong></span> <span class='ocrx_word' id='word_1_249' title='bbox 485 3310 574 3369; x_wconf 85' lang='lat' dir='ltr'><strong>posset</strong></span> <span class='ocrx_word' id='word_1_250' title='bbox 601 3302 658 3354; x_wconf 83' lang='lat' dir='ltr'><strong>iore</strong></span> <span class='ocrx_word' id='word_1_251' title='bbox 688 3309 716 3352; x_wconf 92' lang='lat' dir='ltr'><strong>ut</strong></span> <span class='ocrx_word' id='word_1_252' title='bbox 741 3303 798 3353; x_wconf 90' lang='lat' dir='ltr'><strong>eius</strong></span> <span class='ocrx_word' id='word_1_253' title='bbox 817 3300 964 3370; x_wconf 82' lang='lat' dir='ltr'><strong>exemplum</strong></span> <span class='ocrx_word' id='word_1_254' title='bbox 981 3312 1007 3356; x_wconf 91' lang='lat' dir='ltr'><strong>et</strong></span> <span class='ocrx_word' id='word_1_255' title='bbox 1031 3303 1109 3356; x_wconf 78' lang='lat' dir='ltr'><strong>rebam</strong></span> <span class='ocrx_word' id='word_1_256' title='bbox 1138 3313 1165 3356; x_wconf 86' lang='lat' dir='ltr'><strong>et</strong></span> <span class='ocrx_word' id='word_1_257' title='bbox 1183 3306 1304 3356; x_wconf 85' lang='lat' dir='ltr'><strong>oratione</strong></span> <span class='ocrx_word' id='word_1_258' title='bbox 1324 3315 1351 3358; x_wconf 89' lang='lat' dir='ltr'><strong>et</strong></span> <span class='ocrx_word' id='word_1_259' title='bbox 1369 3320 1435 3358; x_wconf 80' lang='lat' dir='ltr'><strong>verso</strong></span> 
     </span>
     <span class='ocr_line' id='line_1_33' title="bbox 353 3372 1436 3444; baseline -0.002 -17"><span class='ocrx_word' id='word_1_260' title='bbox 353 3374 433 3427; x_wconf 85' lang='lat' dir='ltr'><strong>iaciie</strong></span> <span class='ocrx_word' id='word_1_261' title='bbox 451 3379 585 3440; x_wconf 87' lang='lat' dir='ltr'><strong>superaret</strong></span> <span class='ocrx_word' id='word_1_262' title='bbox 605 3372 670 3442; x_wconf 81' lang='lat' dir='ltr'><strong>(Sat</strong></span> <span class='ocrx_word' id='word_1_263' title='bbox 690 3373 754 3438; x_wconf 84' lang='lat' dir='ltr'><strong>1,t‚</strong></span> <span class='ocrx_word' id='word_1_264' title='bbox 774 3374 813 3442; x_wconf 88' lang='lat'><strong>8).</strong></span> <span class='ocrx_word' id='word_1_265' title='bbox 835 3374 903 3425; x_wconf 66' lang='lat' dir='ltr'><strong>viter</strong></span> <span class='ocrx_word' id='word_1_266' title='bbox 920 3374 1017 3425; x_wconf 85' lang='lat' dir='ltr'><strong>iactum</strong></span> <span class='ocrx_word' id='word_1_267' title='bbox 1035 3390 1095 3427; x_wconf 90' lang='lat' dir='ltr'><strong>esse</strong></span> <span class='ocrx_word' id='word_1_268' title='bbox 1116 3390 1198 3427; x_wconf 81' lang='lat' dir='ltr'><strong>verno</strong></span> <span class='ocrx_word' id='word_1_269' title='bbox 1216 3384 1335 3444; x_wconf 85' lang='lat' dir='ltr'><strong>ternpore</strong></span> <span class='ocrx_word' id='word_1_270' title='bbox 1355 3376 1436 3429; x_wconf 83' lang='lat' dir='ltr'><strong>sordet</strong></span> 
     </span>
     <span class='ocr_line' id='line_1_34' title="bbox 352 3442 1437 3517; baseline 0.001 -18"><span class='ocrx_word' id='word_1_271' title='bbox 352 3446 477 3513; x_wconf 85' lang='lat' dir='ltr'><strong>imprimis</strong></span> <span class='ocrx_word' id='word_1_272' title='bbox 495 3458 585 3496; x_wconf 88' lang='lat' dir='ltr'><strong>versus</strong></span> <span class='ocrx_word' id='word_1_273' title='bbox 602 3442 652 3509; x_wconf 74' lang='lat' dir='ltr'><strong>tt,</strong></span> <span class='ocrx_word' id='word_1_274' title='bbox 672 3458 730 3496; x_wconf 82' lang='lat' dir='ltr'><strong>curn</strong></span> <span class='ocrx_word' id='word_1_275' title='bbox 748 3444 841 3513; x_wconf 84' lang='lat' dir='ltr'><strong>quibus</strong></span> <span class='ocrx_word' id='word_1_276' title='bbox 861 3444 1026 3497; x_wconf 80' lang='lat' dir='ltr'><strong>conferantur</strong></span> <span class='ocrx_word' id='word_1_277' title='bbox 1051 3462 1095 3499; x_wconf 80' lang='lat' dir='ltr'><strong>vr.</strong></span> <span class='ocrx_word' id='word_1_278' title='bbox 1116 3446 1151 3499; x_wconf 80' lang='lat'><strong>72</strong></span> <span class='ocrx_word' id='word_1_279' title='bbox 1167 3454 1194 3498; x_wconf 85' lang='lat' dir='ltr'><strong>et</strong></span> <span class='ocrx_word' id='word_1_280' title='bbox 1211 3447 1261 3509; x_wconf 79' lang='lat'><strong>813</strong></span> <span class='ocrx_word' id='word_1_281' title='bbox 1292 3463 1376 3517; x_wconf 82' lang='lat' dir='ltr'><strong>quare</strong></span> <span class='ocrx_word' id='word_1_282' title='bbox 1394 3442 1437 3500; x_wconf 83' lang='lat' dir='ltr'><strong>ren‘</strong></span> 
     </span>
     <span class='ocr_line' id='line_1_35' title="bbox 352 3513 1295 3583; baseline 0.001 -13"><span class='ocrx_word' id='word_1_283' title='bbox 352 3519 456 3570; x_wconf 86' lang='lat' dir='ltr'><strong>videtur</strong></span> <span class='ocrx_word' id='word_1_284' title='bbox 475 3514 561 3568; x_wconf 83' lang='lat' dir='ltr'><strong>simile</strong></span> <span class='ocrx_word' id='word_1_285' title='bbox 579 3513 671 3567; x_wconf 87' lang='lat' dir='ltr'><strong>codem</strong></span> <span class='ocrx_word' id='word_1_286' title='bbox 689 3530 756 3568; x_wconf 88' lang='lat' dir='ltr'><strong>anno</strong></span> <span class='ocrx_word' id='word_1_287' title='bbox 775 3517 853 3567; x_wconf 84' lang='lat' dir='ltr'><strong>etiarn</strong></span> <span class='ocrx_word' id='word_1_288' title='bbox 872 3518 994 3583; x_wconf 83' lang='lat' dir='ltr'><strong>scriptam</strong></span> <span class='ocrx_word' id='word_1_289' title='bbox 1014 3530 1073 3568; x_wconf 89' lang='lat' dir='ltr'><strong>esse</strong></span> <span class='ocrx_word' id='word_1_290' title='bbox 1093 3517 1160 3568; x_wconf 85' lang='lat' dir='ltr'><strong>hanc</strong></span> <span class='ocrx_word' id='word_1_291' title='bbox 1181 3519 1295 3571; x_wconf 82' lang='lat' dir='ltr'><strong>satiram.</strong></span> 
     </span>
    </p>
   </div>
   <div class='ocr_carea' id='block_1_5' title="bbox 339 3600 1438 4598">
    <p class='ocr_par' dir='ltr' id='par_1_7' title="bbox 351 3600 1437 3956">
     <span class='ocr_line' id='line_1_36' title="bbox 422 3600 1437 3673; baseline 0.001 -16"><span class='ocrx_word' id='word_1_292' title='bbox 422 3605 452 3657; x_wconf 75' lang='lat' dir='ltr'><strong>V.</strong></span> <span class='ocrx_word' id='word_1_293' title='bbox 478 3609 500 3655; x_wconf 87' lang='lat'><strong>1.</strong></span> <span class='ocrx_word' id='word_1_294' title='bbox 519 3603 623 3673; x_wconf 78' lang='lat' dir='ltr'><strong>Aricia]</strong></span> <span class='ocrx_word' id='word_1_295' title='bbox 644 3600 677 3654; x_wconf 87' lang='lat' dir='ltr'><strong>ad</strong></span> <span class='ocrx_word' id='word_1_296' title='bbox 695 3605 763 3655; x_wconf 69' lang='lat' dir='ltr'><strong>narn</strong></span> <span class='ocrx_word' id='word_1_297' title='bbox 782 3604 901 3671; x_wconf 77' lang='lat' dir='ltr'><strong>Appiam,</strong></span> <span class='ocrx_word' id='word_1_298' title='bbox 920 3603 1030 3655; x_wconf 85' lang='lat' dir='ltr'><strong>distata</strong></span> <span class='ocrx_word' id='word_1_299' title='bbox 1050 3603 1132 3656; x_wconf 88' lang='lat' dir='ltr'><strong>Roma</strong></span> <span class='ocrx_word' id='word_1_300' title='bbox 1149 3605 1215 3658; x_wconf 82' lang='lat' dir='ltr'><strong>xvt.</strong></span> <span class='ocrx_word' id='word_1_301' title='bbox 1235 3605 1270 3658; x_wconf 84' lang='lat' dir='ltr'><strong>iti.</strong></span> <span class='ocrx_word' id='word_1_302' title='bbox 1289 3605 1318 3658; x_wconf 82' lang='grc' dir='ltr'><strong>Ρ.</strong></span> <span class='ocrx_word' id='word_1_303' title='bbox 1338 3635 1375 3648; x_wconf 93' lang='lat'>-</span> <span class='ocrx_word' id='word_1_304' title='bbox 1394 3605 1437 3658; x_wconf 71' lang='lat' dir='ltr'><strong>tto</strong></span> 
     </span>
     <span class='ocr_line' id='line_1_37' title="bbox 351 3674 1435 3746; baseline -0.004 -17"><span class='ocrx_word' id='word_1_305' title='bbox 351 3677 475 3743; x_wconf 73' lang='lat' dir='ltr'><strong>liudem]</strong></span> <span class='ocrx_word' id='word_1_306' title='bbox 495 3674 583 3727; x_wconf 84' lang='lat' dir='ltr'><strong>rhetor</strong></span> <span class='ocrx_word' id='word_1_307' title='bbox 602 3689 720 3743; x_wconf 74' lang='lat' dir='ltr'><strong>graecus.</strong></span> <span class='ocrx_word' id='word_1_308' title='bbox 741 3704 775 3715; x_wconf 92' lang='lat'>-</span> <span class='ocrx_word' id='word_1_309' title='bbox 804 3675 899 3726; x_wconf 76' lang='lat' dir='ltr'><strong>Forsan</strong></span> <span class='ocrx_word' id='word_1_310' title='bbox 915 3674 995 3746; x_wconf 70' lang='lat' dir='ltr'><strong>Appi]</strong></span> <span class='ocrx_word' id='word_1_311' title='bbox 1015 3674 1113 3727; x_wconf 82' lang='lat' dir='ltr'><strong>distans</strong></span> <span class='ocrx_word' id='word_1_312' title='bbox 1131 3675 1164 3727; x_wconf 85' lang='lat' dir='ltr'><strong>ab</strong></span> <span class='ocrx_word' id='word_1_313' title='bbox 1182 3677 1270 3728; x_wconf 78' lang='lat' dir='ltr'><strong>Aricia</strong></span> <span class='ocrx_word' id='word_1_314' title='bbox 1286 3675 1342 3729; x_wconf 61' lang='lat' dir='ltr'><strong>XX„</strong></span> <span class='ocrx_word' id='word_1_315' title='bbox 1363 3677 1399 3729; x_wconf 78' lang='lat' dir='ltr'><strong>id.</strong></span> <span class='ocrx_word' id='word_1_316' title='bbox 1414 3675 1435 3728; x_wconf 79' lang='grc'><strong>1.</strong></span> 
     </span>
     <span class='ocr_line' id='line_1_38' title="bbox 352 3744 1435 3817; baseline 0.002 -18"><span class='ocrx_word' id='word_1_317' title='bbox 352 3748 385 3799; x_wconf 82' lang='lat' dir='ltr'><strong>ab</strong></span> <span class='ocrx_word' id='word_1_318' title='bbox 402 3750 442 3815; x_wconf 81' lang='lat' dir='ltr'><strong>Ap</strong></span> <span class='ocrx_word' id='word_1_319' title='bbox 463 3748 487 3797; x_wconf 90' lang='lat' dir='ltr'><strong>&#39;o</strong></span> <span class='ocrx_word' id='word_1_320' title='bbox 506 3744 616 3797; x_wconf 81' lang='lat' dir='ltr'><strong>Oiaodio</strong></span> <span class='ocrx_word' id='word_1_321' title='bbox 636 3744 721 3797; x_wconf 82' lang='lat' dir='ltr'><strong>Caeco</strong></span> <span class='ocrx_word' id='word_1_322' title='bbox 739 3747 783 3813; x_wconf 90' lang='lat' dir='ltr'><strong>qui</strong></span> <span class='ocrx_word' id='word_1_323' title='bbox 801 3747 911 3812; x_wconf 78' lang='lat' dir='ltr'><strong>Appiam</strong></span> <span class='ocrx_word' id='word_1_324' title='bbox 928 3748 996 3797; x_wconf 85' lang='lat' dir='ltr'><strong>viam</strong></span> <span class='ocrx_word' id='word_1_325' title='bbox 1015 3744 1078 3798; x_wconf 82' lang='lat' dir='ltr'><strong>iecit</strong></span> <span class='ocrx_word' id='word_1_326' title='bbox 1093 3749 1260 3799; x_wconf 85' lang='lat' dir='ltr'><strong>nominatum.</strong></span> <span class='ocrx_word' id='word_1_327' title='bbox 1288 3777 1319 3790; x_wconf 88' lang='lat'>-</span> <span class='ocrx_word' id='word_1_328' title='bbox 1357 3751 1435 3817; x_wconf 72' lang='lat' dir='ltr'><strong>atqu}</strong></span> 
     </span>
     <span class='ocr_line' id='line_1_39' title="bbox 352 3816 1437 3890; baseline -0.003 -19"><span class='ocrx_word' id='word_1_329' title='bbox 352 3818 413 3871; x_wconf 86' lang='lat' dir='ltr'><strong>ride</strong></span> <span class='ocrx_word' id='word_1_330' title='bbox 432 3835 448 3868; x_wconf 89' lang='lat' dir='ltr'><strong>a</strong></span> <span class='ocrx_word' id='word_1_331' title='bbox 483 3816 565 3885; x_wconf 83' lang='lat' dir='ltr'><strong>Epod.</strong></span> <span class='ocrx_word' id='word_1_332' title='bbox 585 3817 627 3880; x_wconf 88' lang='grc'><strong>17,</strong></span> <span class='ocrx_word' id='word_1_333' title='bbox 644 3818 670 3868; x_wconf 61' lang='grc'><strong>4,</strong></span> <span class='ocrx_word' id='word_1_334' title='bbox 689 3816 909 3890; x_wconf 74' lang='lat' dir='ltr'><strong>—cauponibnsl</strong></span> <span class='ocrx_word' id='word_1_335' title='bbox 930 3817 1128 3881; x_wconf 71' lang='lat' dir='ltr'><strong>sint,1‚·29.</strong></span> <span class='ocrx_word' id='word_1_336' title='bbox 1157 3848 1192 3862; x_wconf 86' lang='lat'><strong>-</strong></span> <span class='ocrx_word' id='word_1_337' title='bbox 1222 3818 1301 3872; x_wconf 75' lang='lat' dir='ltr'><strong>citius</strong></span> <span class='ocrx_word' id='word_1_338' title='bbox 1318 3823 1363 3889; x_wconf 83' lang='lat' dir='ltr'><strong>ne]</strong></span> <span class='ocrx_word' id='word_1_339' title='bbox 1385 3818 1437 3870; x_wconf 85' lang='lat' dir='ltr'><strong>ride</strong></span> 
     </span>
     <span class='ocr_line' id='line_1_40' title="bbox 352 3885 1434 3956; baseline -0.001 -14"><span class='ocrx_word' id='word_1_340' title='bbox 352 3890 386 3942; x_wconf 88' lang='lat' dir='ltr'><strong>sd</strong></span> <span class='ocrx_word' id='word_1_341' title='bbox 405 3889 487 3956; x_wconf 85' lang='lat' dir='ltr'><strong>Epod.</strong></span> <span class='ocrx_word' id='word_1_342' title='bbox 510 3890 551 3951; x_wconf 84' lang='lat'><strong>15,</strong></span> <span class='ocrx_word' id='word_1_343' title='bbox 568 3889 594 3941; x_wconf 82' lang='lat'><strong>5.</strong></span> <span class='ocrx_word' id='word_1_344' title='bbox 631 3887 680 3954; x_wconf 83' lang='lat' dir='ltr'><strong>Qui</strong></span> <span class='ocrx_word' id='word_1_345' title='bbox 699 3885 783 3938; x_wconf 72' lang='lat' dir='ltr'><strong>aidus</strong></span> <span class='ocrx_word' id='word_1_346' title='bbox 792 3890 934 3954; x_wconf 84' lang='lat' dir='ltr'><strong>praecincti</strong></span> <span class='ocrx_word' id='word_1_347' title='bbox 954 3897 1022 3952; x_wconf 89' lang='lat' dir='ltr'><strong>sont,</strong></span> <span class='ocrx_word' id='word_1_348' title='bbox 1041 3888 1214 3956; x_wconf 84' lang='lat' dir='ltr'><strong>expeditiores</strong></span> <span class='ocrx_word' id='word_1_349' title='bbox 1232 3898 1293 3941; x_wconf 88' lang='lat' dir='ltr'><strong>sont</strong></span> <span class='ocrx_word' id='word_1_350' title='bbox 1310 3889 1434 3943; x_wconf 84' lang='lat' dir='ltr'><strong>celerius·</strong></span> 
     </span>
    </p>

    <p class='ocr_par' dir='ltr' id='par_1_8' title="bbox 339 3954 1438 4598">
     <span class='ocr_line' id='line_1_41' title="bbox 369 3954 1436 4029; baseline -0.002 -18"><span class='ocrx_word' id='word_1_351' title='bbox 369 3963 471 4012; x_wconf 85' lang='lat' dir='ltr'><strong>ociter</strong></span> <span class='ocrx_word' id='word_1_352' title='bbox 489 3958 637 4011; x_wconf 79' lang='lat' dir='ltr'><strong>conficiunt</strong></span> <span class='ocrx_word' id='word_1_353' title='bbox 656 3957 768 4011; x_wconf 63' lang='lat' dir='ltr'><strong>unone</strong></span> <span class='ocrx_word' id='word_1_354' title='bbox 786 3954 890 4010; x_wconf 78' lang='lat' dir='ltr'><strong>dictum.</strong></span> <span class='ocrx_word' id='word_1_355' title='bbox 933 3959 977 4011; x_wconf 87' lang='lat' dir='ltr'><strong>iiis</strong></span> <span class='ocrx_word' id='word_1_356' title='bbox 998 3968 1163 4027; x_wconf 87' lang='lat' dir='ltr'><strong>opponuntur</strong></span> <span class='ocrx_word' id='word_1_357' title='bbox 1182 3968 1275 4027; x_wconf 86' lang='lat' dir='ltr'><strong>poster</strong></span> <span class='ocrx_word' id='word_1_358' title='bbox 1291 3961 1383 4024; x_wconf 77' lang='lat' dir='ltr'><strong>tardi,</strong></span> <span class='ocrx_word' id='word_1_359' title='bbox 1401 3960 1436 4029; x_wconf 81' lang='lat' dir='ltr'><strong>qni</strong></span> 
     </span>
     <span class='ocr_line' id='line_1_42' title="bbox 353 4028 1437 4100; baseline 0.004 -20"><span class='ocrx_word' id='word_1_360' title='bbox 353 4048 368 4084; x_wconf 83' lang='lat' dir='ltr'><strong>a</strong></span> <span class='ocrx_word' id='word_1_361' title='bbox 388 4030 523 4082; x_wconf 80' lang='lat' dir='ltr'><strong>horrente</strong></span> <span class='ocrx_word' id='word_1_362' title='bbox 543 4030 632 4082; x_wconf 84' lang='lat' dir='ltr'><strong>labore</strong></span> <span class='ocrx_word' id='word_1_363' title='bbox 648 4030 717 4081; x_wconf 78' lang='lat' dir='ltr'><strong>vise.</strong></span> <span class='ocrx_word' id='word_1_364' title='bbox 753 4028 838 4093; x_wconf 80' lang='lat' dir='ltr'><strong>Quare</strong></span> <span class='ocrx_word' id='word_1_365' title='bbox 856 4031 952 4082; x_wconf 89' lang='lat' dir='ltr'><strong>rectius</strong></span> <span class='ocrx_word' id='word_1_366' title='bbox 971 4045 1004 4087; x_wconf 82' lang='lat' dir='ltr'><strong>ex</strong></span> <span class='ocrx_word' id='word_1_367' title='bbox 1021 4032 1124 4097; x_wconf 86' lang='lat' dir='ltr'><strong>optimis</strong></span> <span class='ocrx_word' id='word_1_368' title='bbox 1146 4030 1219 4082; x_wconf 84' lang='lat' dir='ltr'><strong>libris</strong></span> <span class='ocrx_word' id='word_1_369' title='bbox 1236 4033 1336 4095; x_wconf 58' lang='lat' dir='ltr'><strong>mass,</strong></span> <span class='ocrx_word' id='word_1_370' title='bbox 1369 4046 1437 4100; x_wconf 83' lang='lat' dir='ltr'><strong>quon</strong></span> 
     </span>
     <span class='ocr_line' id='line_1_43' title="bbox 339 4101 1435 4172; baseline -0.002 -17"><span class='ocrx_word' id='word_1_371' title='bbox 339 4102 461 4165; x_wconf 47' lang='lat' dir='ltr'><strong>,aiterum</strong></span> <span class='ocrx_word' id='word_1_372' title='bbox 480 4103 564 4153; x_wconf 70' lang='lat' dir='ltr'><strong>neon</strong></span> <span class='ocrx_word' id='word_1_373' title='bbox 599 4101 660 4155; x_wconf 81' lang='lat' dir='ltr'><strong>Fori</strong></span> <span class='ocrx_word' id='word_1_374' title='bbox 678 4101 755 4167; x_wconf 78' lang='lat' dir='ltr'><strong>Appii</strong></span> <span class='ocrx_word' id='word_1_375' title='bbox 772 4102 947 4153; x_wconf 66' lang='lat' dir='ltr'><strong>initium‘erat</strong></span> <span class='ocrx_word' id='word_1_376' title='bbox 965 4101 1154 4169; x_wconf 79' lang='lat' dir='ltr'><strong>Pomptinamm</strong></span> <span class='ocrx_word' id='word_1_377' title='bbox 1164 4102 1295 4170; x_wconf 85' lang='lat' dir='ltr'><strong>paludum,</strong></span> <span class='ocrx_word' id='word_1_378' title='bbox 1315 4118 1366 4170; x_wconf 87' lang='lat' dir='ltr'><strong>per</strong></span> <span class='ocrx_word' id='word_1_379' title='bbox 1379 4116 1435 4172; x_wconf 85' lang='lat' dir='ltr'><strong>qnss</strong></span> 
     </span>
     <span class='ocr_line' id='line_1_44' title="bbox 354 4172 1436 4241; baseline -0.004 -14"><span class='ocrx_word' id='word_1_380' title='bbox 354 4177 405 4227; x_wconf 87' lang='lat' dir='ltr'><strong>iter</strong></span> <span class='ocrx_word' id='word_1_381' title='bbox 428 4172 625 4224; x_wconf 86' lang='lat' dir='ltr'><strong>continuabatur</strong></span> <span class='ocrx_word' id='word_1_382' title='bbox 650 4172 727 4222; x_wconf 81' lang='lat' dir='ltr'><strong>lintre</strong></span> <span class='ocrx_word' id='word_1_383' title='bbox 748 4187 763 4222; x_wconf 89' lang='lat' dir='ltr'><strong>a</strong></span> <span class='ocrx_word' id='word_1_384' title='bbox 787 4172 863 4223; x_wconf 89' lang='lat' dir='ltr'><strong>mulis</strong></span> <span class='ocrx_word' id='word_1_385' title='bbox 889 4180 970 4224; x_wconf 87' lang='lat' dir='ltr'><strong>tracta</strong></span> <span class='ocrx_word' id='word_1_386' title='bbox 995 4187 1079 4241; x_wconf 87' lang='lat' dir='ltr'><strong>usquc</strong></span> <span class='ocrx_word' id='word_1_387' title='bbox 1104 4173 1136 4224; x_wconf 89' lang='lat' dir='ltr'><strong>ad</strong></span> <span class='ocrx_word' id='word_1_388' title='bbox 1159 4172 1284 4240; x_wconf 86' lang='lat' dir='ltr'><strong>tempium</strong></span> <span class='ocrx_word' id='word_1_389' title='bbox 1314 4172 1436 4227; x_wconf 81' lang='lat' dir='ltr'><strong>Feroniss</strong></span> 
     </span>
     <span class='ocr_line' id='line_1_45' title="bbox 354 4242 1436 4315; baseline -0.001 -19"><span class='ocrx_word' id='word_1_390' title='bbox 354 4253 392 4312; x_wconf 84' lang='lat' dir='ltr'><strong>(v.</strong></span> <span class='ocrx_word' id='word_1_391' title='bbox 414 4246 462 4315; x_wconf 72' lang='lat'><strong>24)</strong></span> <span class='ocrx_word' id='word_1_392' title='bbox 481 4244 576 4295; x_wconf 87' lang='lat' dir='ltr'><strong>distans</strong></span> <span class='ocrx_word' id='word_1_393' title='bbox 595 4259 610 4294; x_wconf 87' lang='lat' dir='ltr'><strong>a</strong></span> <span class='ocrx_word' id='word_1_394' title='bbox 627 4244 762 4295; x_wconf 86' lang='lat' dir='ltr'><strong>Terracina</strong></span> <span class='ocrx_word' id='word_1_395' title='bbox 780 4242 827 4295; x_wconf 86' lang='lat' dir='ltr'><strong>tlt.</strong></span> <span class='ocrx_word' id='word_1_396' title='bbox 847 4243 879 4296; x_wconf 83' lang='lat' dir='ltr'><strong>ii.</strong></span> <span class='ocrx_word' id='word_1_397' title='bbox 893 4243 924 4296; x_wconf 70' lang='grc' dir='ltr'><strong>Ρ.</strong></span> <span class='ocrx_word' id='word_1_398' title='bbox 961 4243 1018 4295; x_wconf 85' lang='lat' dir='ltr'><strong>Non</strong></span> <span class='ocrx_word' id='word_1_399' title='bbox 1036 4243 1178 4296; x_wconf 86' lang='lat' dir='ltr'><strong>mirandum</strong></span> <span class='ocrx_word' id='word_1_400' title='bbox 1197 4246 1283 4313; x_wconf 76' lang='lat' dir='ltr'><strong>igitur,</strong></span> <span class='ocrx_word' id='word_1_401' title='bbox 1300 4246 1374 4313; x_wconf 87' lang='lat' dir='ltr'><strong>quod</strong></span> <span class='ocrx_word' id='word_1_402' title='bbox 1391 4246 1436 4297; x_wconf 80' lang='lat' dir='ltr'><strong>Fo-</strong></span> 
     </span>
     <span class='ocr_line' id='line_1_46' title="bbox 354 4312 1437 4387; baseline -0.001 -19"><span class='ocrx_word' id='word_1_403' title='bbox 354 4332 410 4368; x_wconf 88' lang='lat' dir='ltr'><strong>rom</strong></span> <span class='ocrx_word' id='word_1_404' title='bbox 431 4315 507 4382; x_wconf 79' lang='lat' dir='ltr'><strong>Appii</strong></span> <span class='ocrx_word' id='word_1_405' title='bbox 526 4314 647 4367; x_wconf 77' lang='lat' dir='ltr'><strong>refertum</strong></span> <span class='ocrx_word' id='word_1_406' title='bbox 667 4312 721 4368; x_wconf 87' lang='lat' dir='ltr'><strong>erat</strong></span> <span class='ocrx_word' id='word_1_407' title='bbox 737 4316 823 4366; x_wconf 88' lang='lat' dir='ltr'><strong>nautis</strong></span> <span class='ocrx_word' id='word_1_408' title='bbox 841 4323 868 4365; x_wconf 89' lang='lat' dir='ltr'><strong>et</strong></span> <span class='ocrx_word' id='word_1_409' title='bbox 889 4315 1058 4381; x_wconf 83' lang='lat' dir='ltr'><strong>cauponibus.</strong></span> <span class='ocrx_word' id='word_1_410' title='bbox 1087 4346 1121 4359; x_wconf 86' lang='grc'>-</span> <span class='ocrx_word' id='word_1_411' title='bbox 1150 4317 1262 4387; x_wconf 83' lang='lat' dir='ltr'><strong>comites]</strong></span> <span class='ocrx_word' id='word_1_412' title='bbox 1283 4314 1389 4368; x_wconf 80' lang='lat' dir='ltr'><strong>Omnes</strong></span> <span class='ocrx_word' id='word_1_413' title='bbox 1402 4318 1437 4367; x_wconf 91' lang='lat' dir='ltr'><strong>in·</strong></span> 
     </span>
     <span class='ocr_line' id='line_1_47' title="bbox 353 4384 1436 4456; baseline 0 -20"><span class='ocrx_word' id='word_1_414' title='bbox 353 4386 489 4453; x_wconf 74' lang='lat' dir='ltr'><strong>teiiipendi</strong></span> <span class='ocrx_word' id='word_1_415' title='bbox 506 4394 566 4436; x_wconf 89' lang='lat' dir='ltr'><strong>sunt</strong></span> <span class='ocrx_word' id='word_1_416' title='bbox 582 4387 626 4453; x_wconf 88' lang='lat' dir='ltr'><strong>qui</strong></span> <span class='ocrx_word' id='word_1_417' title='bbox 648 4400 694 4451; x_wconf 90' lang='lat' dir='ltr'><strong>per</strong></span> <span class='ocrx_word' id='word_1_418' title='bbox 714 4384 822 4451; x_wconf 86' lang='lat' dir='ltr'><strong>paindes</strong></span> <span class='ocrx_word' id='word_1_419' title='bbox 839 4387 888 4437; x_wconf 85' lang='lat' dir='ltr'><strong>iter</strong></span> <span class='ocrx_word' id='word_1_420' title='bbox 904 4386 995 4437; x_wconf 87' lang='lat' dir='ltr'><strong>iacturi</strong></span> <span class='ocrx_word' id='word_1_421' title='bbox 1015 4394 1088 4437; x_wconf 88' lang='lat' dir='ltr'><strong>erant</strong></span> <span class='ocrx_word' id='word_1_422' title='bbox 1106 4386 1196 4438; x_wconf 88' lang='lat' dir='ltr'><strong>eadem</strong></span> <span class='ocrx_word' id='word_1_423' title='bbox 1216 4386 1354 4449; x_wconf 67' lang='lat' dir='ltr'><strong>naucula,</strong></span> <span class='ocrx_word' id='word_1_424' title='bbox 1374 4400 1436 4456; x_wconf 84' lang='lat' dir='ltr'><strong>quac</strong></span> 
     </span>
     <span class='ocr_line' id='line_1_48' title="bbox 357 4454 1434 4525; baseline 0.002 -18"><span class='ocrx_word' id='word_1_425' title='bbox 357 4471 470 4523; x_wconf 81' lang='lat' dir='ltr'><strong>vespere</strong></span> <span class='ocrx_word' id='word_1_426' title='bbox 491 4455 559 4519; x_wconf 83' lang='lat' dir='ltr'><strong>soivi</strong></span> <span class='ocrx_word' id='word_1_427' title='bbox 576 4454 691 4520; x_wconf 88' lang='lat' dir='ltr'><strong>solebat,</strong></span> <span class='ocrx_word' id='word_1_428' title='bbox 709 4464 738 4508; x_wconf 90' lang='lat' dir='ltr'><strong>nt</strong></span> <span class='ocrx_word' id='word_1_429' title='bbox 754 4456 837 4508; x_wconf 80' lang='lat' dir='ltr'><strong>attero</strong></span> <span class='ocrx_word' id='word_1_430' title='bbox 854 4457 897 4508; x_wconf 91' lang='lat' dir='ltr'><strong>die</strong></span> <span class='ocrx_word' id='word_1_431' title='bbox 914 4472 989 4508; x_wconf 85' lang='lat' dir='ltr'><strong>mane</strong></span> <span class='ocrx_word' id='word_1_432' title='bbox 1007 4456 1039 4507; x_wconf 85' lang='lat' dir='ltr'><strong>sd</strong></span> <span class='ocrx_word' id='word_1_433' title='bbox 1060 4457 1186 4509; x_wconf 85' lang='lat' dir='ltr'><strong>Feroniae</strong></span> <span class='ocrx_word' id='word_1_434' title='bbox 1201 4455 1380 4525; x_wconf 82' lang='lat' dir='ltr'><strong>appetieretnr</strong></span> <span class='ocrx_word' id='word_1_435' title='bbox 1407 4487 1434 4499; x_wconf 90' lang='lat'>-</span> 
     </span>
     <span class='ocr_line' id='line_1_49' title="bbox 357 4526 1438 4598; baseline 0.002 -21"><span class='ocrx_word' id='word_1_436' title='bbox 357 4527 407 4578; x_wconf 80' lang='lat' dir='ltr'><strong>isc</strong></span> <span class='ocrx_word' id='word_1_437' title='bbox 423 4526 534 4595; x_wconf 75' lang='lat' dir='ltr'><strong>appellet</strong></span> <span class='ocrx_word' id='word_1_438' title='bbox 554 4526 606 4578; x_wconf 89' lang='lat' dir='ltr'><strong>iam</strong></span> <span class='ocrx_word' id='word_1_439' title='bbox 626 4541 684 4577; x_wconf 84' lang='lat' dir='ltr'><strong>cunr</strong></span> <span class='ocrx_word' id='word_1_440' title='bbox 702 4541 754 4578; x_wconf 84' lang='lat' dir='ltr'><strong>nox</strong></span> <span class='ocrx_word' id='word_1_441' title='bbox 774 4528 894 4594; x_wconf 88' lang='lat' dir='ltr'><strong>adesset,</strong></span> <span class='ocrx_word' id='word_1_442' title='bbox 912 4530 985 4581; x_wconf 88' lang='lat' dir='ltr'><strong>cuius</strong></span> <span class='ocrx_word' id='word_1_443' title='bbox 1003 4528 1142 4581; x_wconf 83' lang='lat' dir='ltr'><strong>adventum</strong></span> <span class='ocrx_word' id='word_1_444' title='bbox 1153 4540 1230 4598; x_wconf 90' lang='lat' dir='ltr'><strong>poeta</strong></span> <span class='ocrx_word' id='word_1_445' title='bbox 1247 4533 1322 4598; x_wconf 84' lang='lat' dir='ltr'><strong>epira</strong></span> <span class='ocrx_word' id='word_1_446' title='bbox 1332 4529 1438 4598; x_wconf 85' lang='lat' dir='ltr'><strong>quadan</strong></span> 
     </span>
    </p>
   </div>
   <div class='ocr_carea' id='block_1_6' title="bbox 0 0 1568 5042">
    <p class='ocr_par' dir='ltr' id='par_1_9' title="bbox 0 0 1568 5042">
     <span class='ocr_line' id='line_1_50' title="bbox 0 0 1568 5042; baseline 0 0"><span class='ocrx_word' id='word_1_447' title='bbox 0 0 1568 5042; x_wconf 95' lang='lat' dir='ltr'><strong> </strong></span> 
     </span>
    </p>
   </div>
  </div>
 </body>
</html>
