3117 5042
297 378 341 437 68
571 376 575 385 “
687 368 1021 434 tramittit·
1112 412 1114 414 -

379 551 479 617 Siccis
500 551 602 621 omnia
624 568 695 613 nam
714 549 796 612 ‘dura
819 550 894 612 daus
917 547 1095 630 proposuit,
1116 558 1223 630 neque

380 659 545 723 llordaces
565 659 657 721 aliter
675 657 844 739 >diffingiuat
868 655 1098 719 sollicitudines.
1124 726 1127 731 ,
1191 692 1197 703 ,

340 787 354 830 s
375 768 451 845 Quis
471 773 542 848 post
563 766 636 853 rina
656 779 787 845 'gnaram
809 763 949 827 militiam
970 770 1023 827 eut
1035 761 1222 843 pauperiem
1243 762 1374 841 crepat?

280 890 290 907 ¹
380 876 455 953 Quis
476 894 537 937 non
557 880 589 936 te
609 871 722 955 potios,
744 873 867 949 Bacche
884 878 984 954 pater,
1004 877 1103 953 teque,
1128 870 1240 931 decens
1260 870 1398 931 venusi

378 983 421 1046 At
442 1001 481 1046 ne
502 983 571 1065 quis
593 981 703 1045 modici
714 958 882 1044 transiliat
902 968 1030 1042 monera
1050 978 1166 1052 liberi,

379 1090 556 1155 Centaurea
575 1096 680 1154 monet
698 1107 764 1151 cram
787 1087 928 1170 lapithis
946 1086 1019 1149 rixa
1040 1103 1133 1167 super
1155 1103 1239 1147 mero

377 1200 560 1277 bebelium,
578 1203 683 1283 monet
700 1196 853 1260 Sithoniis
873 1215 934 1259 non
951 1195 1037 1263 'levis
1057 1193 1170 1268 Euius,

291 1384 297 1391 ι
325 1325 354 1369 ro
375 1306 451 1371 Cum
473 1308 523 1371 fas
544 1313 637 1389 atque
653 1307 743 1369 netas
764 1305 879 1386 exiguo
900 1305 961 1366 line
985 1302 1143 1366 libidinum

377 1414 562 1478 Discernunt
582 1412 677 1476 avidi·
720 1414 790 1503 lton¹
812 1431 871 1495 rgo
891 1419 922 1474 ιε
935 1435 946 1499 ,’
964 1398 1095 1486 candide
1116 1408 1291 1484 Bassareu,

376 1523 507 1586 invitum
528 1522 667 1605 quadan
687 1539 743 1584 nec
765 1520 862 1601 variis
884 1521 988 1585 obsita
1008 1504 1171 1597 frondibus
1250 1530 1252 1533 ·

374 1630 562 1694 Subditum
587 1630 716 1710 rapiam.
760 1628 866 1693 Saeva
889 1619 959 1693 tene
979 1647 1047 1692 cum
1067 1624 1249 1703 Berecyntio

362 1832 393 1882 V.
412 1831 436 1882 2.
454 1832 558 1882 anomia
575 1830 664 1901 cmiii]
686 1828 797 1883 vidend
816 1831 900 1883 Carni.
919 1830 940 1893 l,
964 1829 1049 1894 7,13.
1086 1827 1115 1881 ln
1136 1841 1189 1894 quo
1211 1826 1317 1877 nornine
1336 1825 1398 1877 llo-

293 1901 373 1951 rutius
391 1903 466 1952 metri
487 1917 565 1953 causa
583 1902 694 1952 madiam
709 1899 838 1967 syllabam
856 1902 989 1968 corripuit.
1009 1933 1045 1944 -
1067 1899 1154 1968 siccis]
1177 1897 1222 1967 qui
1237 1897 1300 1947 vino
1313 1897 1399 1965 plane

294 1972 433 2023 abstinent.
464 2003 496 2013 -
526 1977 597 2043 nom]
619 1973 715 2024 Poetae
735 1975 761 2023 in
779 1972 934 2024 collocanda
952 1970 1001 2023 hac
1019 1968 1147 2038 particula
1167 1967 1303 2019 liberiores
1330 1968 1397 2020 inc-

292 2050 360 2095 runt.
384 2042 418 2091 cl.
439 2041 522 2109 Epod.
543 2042 584 2107 14,
603 2042 627 2095 6.
650 2043 692 2106 17,
710 2044 754 2096 45.
784 2041 1037 2108 Carnr.lV,14‚9,
1074 2072 1109 2083 -
1144 2055 1227 2107 nepae
1244 2038 1334 2161 atbar)
1359 2038 1398 2091 Ut

292 2120 364 2164 recte
383 2111 456 2164 locas
474 2112 653 2181 intelligatur,
681 2114 823 2176 tenendum
848 2113 984 2182 estquod
1010 2110 1139 2179 tupraad
1167 2110 1253 2179 Carni:
1268 2110 1294 2176 l,·
1329 2147 1336 2174 ,
1358 2109 1397 2160 16

293 2182 442 2234 adnotatum
462 2177 511 2235 cst.
549 2185 635 2248 Quare
652 2200 705 2251 non
725 2193 796 2238 recte
811 2182 912 2247 ,laceret
926 2185 982 2253 'qui
993 2198 1051 2236 voc.
1072 2180 1203 2233 alderhic
1222 2174 1253 2230 ad
1268 2182 1397 2248 proxime

292 2251 476 2321 praecedentia
494 2250 610 2306 referens
629 2255 791 2323 intelligeret
809 2258 862 2308 εἰει·
877 2257 1008 2307 siccitate.
1039 2249 1102 2304 llam
1122 2262 1190 2320 qnae
1208 2250 1271 2302 latet
1293 2253 1319 2303 in
1332 2266 1396 2302 roc.

292 2324 371 2397 nider
390 2325 526 2387 condicio,
556 2341 587 2377 ea
613 2325 689 2380 altius
707 2327 849 2393 repetenda
871 2336 926 2391 est:
956 2325 1045 2392 quodsi
1062 2325 1126 2375 citer
1143 2339 1197 2384 porr
1212 2321 1343 2391 plantor,
1369 2323 1399 2373 ri

290 2397 357 2448 cino.
377 2411 432 2445 nost
458 2397 556 2451 utente„
606 2396 760 2449 Simillimus
781 2407 826 2449 ‘est
851 2396 928 2447 locus
949 2396 1083 2457 Ciceronis
1099 2390 1145 2447 'de'
1166 2392 1292 2457 amiciti
1310 2392 1396 2443 cliter-

292 2467 424 2521 nrntcitt'ae
443 2475 503 2533 cet,
520 2467 564 2518 ubi
586 2482 638 2518 non
658 2470 740 2536 magis
755 2468 836 2519 elder
855 2460 1027 2518 referendum
1041 2474 1080 2517 est
1090 2463 1129 2514 ad
1144 2480 1174 2514 ea
1192 2479 1261 2531 quae
1279 2478 1401 2530 praece-r

292 2536 356 2588 dunt
375 2538 501 2603 proxime.
522 2569 557 2580 -
573 2543 675 2610 crepat]
699 2540 790 2595 inore
810 2537 1023 2601 babetpdictitat.
1048 2537 1082 2587 ci.
1093 2537 1145 2587 Sat.
1164 2532 1233 2599 1¹53,
1246 2533 1292 2588 33,
1310 2533 1411 2601 Epist.⁴

291 2608 314 2672 1,
337 2609 362 2669 t,
382 2606 426 2659 84.
460 2610 492 2660 Α.
512 2608 670 2662 11141-
702 2609 796 2661 decens
822 2610 914 2679 Venus]
936 2611 992 2675 ipsa
1011 2606 1107 2659 decens
1129 2613 1185 2669 εει,
1204 2620 1263 2655 curn
1282 2606 1396 2655 comites

294 2680 347 2729 sint
365 2676 489 2730 decentes
507 2678 619 2730 Gratiae.
645 2679 729 2732 Carra.
750 2680 771 2744 l,
788 2680 814 2743 4,
833 2680 859 2733 6.
895 2710 929 2721 -
970 2678 1006 2731 At
1021 2682 1064 2748 rte]
1086 2676 1209 2728 inbonis
1228 2675 1301 2726 libris
1321 2675 1396 2727 tiss.

295 2747 392 2815 legitur
412 2764 465 2811 ao,
493 2764 570 2816 quam
588 2748 679 2801 falsam
697 2750 740 2800 bic
759 2765 819 2801 esse
837 2748 989 2817 particulam
1008 2746 1141 2815 intelliget
1162 2748 1206 2814 qui
1228 2747 1399 2814 perspexerit

295 2817 416 2870 carminis
435 2821 657 2885 compositionem.
668 2852 701 2862 -
717 2816 816 2891 Liberi]
838 2820 965 2884 Quattuor
981 2822 1006 2871 in
1020 2819 1070 2870 hoc
1088 2834 1141 2869 uno
1154 2818 1270 2868 carmine
1288 2820 1400 2868 nomina

296 2895 356 2940 sunt
373 2891 449 2940 unius
471 2888 531 2954 dei,
555 2890 685 2954 Bacchus,
704 2889 794 2956 Liber,
814 2890 905 2955 Evina,
923 2891 1080 2951 Bmsareus3
1098 2896 1207 2957 quornm
1225 2887 1277 2939 duo
1293 2889 1326 2954 ¹in
1348 2904 1403 2940 su-

295 2961 398 3026 periore
416 2967 506 3026 parte‚
536 2977 603 3028 quae
624 2970 664 3013 est
681 2962 714 3013 de
726 2962 874 3013 commodis
893 2963 965 3024 vini,
988 2963 1052 3013 mite
1073 2969 1100 3011 et
1117 2959 1259 3026 benignum
1286 2974 1400 3023 numen,

295 3030 347 3082 duo
368 3032 394 3081 in
412 3032 547 3096 inleriore,
563 3047 631 3098 quae
649 3042 689 3083 est
709 3032 743 3082 de
760 3033 930 3083 incommodis
948 3026 1019 3095 sirii,
1040 3033 1124 3082 lerum
1144 3030 1289 3097 respiciunt
1307 3039 1334 3081 et
1354 3032 1401 3081 in-

296 3100 428 3152 domitum
464 3102 547 3153 Enitar
566 3104 634 3153 anim
653 3111 679 3153 et
699 3103 842 3155 Bostarem
854 3104 965 3154 'nomina
985 3110 1045 3155 sunt
1058 3102 1140 3169 petita
1154 3116 1187 3151 er
1204 3101 1285 3167 orgiis
1299 3110 1326 3151 et
1337 3117 1401 3167 nap-

297 3171 383 3221 steriii
401 3170 524 3222 Thraciis.
554 3171 635 3222 Euius
656 3188 671 3223 a
692 3171 807 3224 clamore
827 3173 1007 3225 bacchantium
1027 3172 1095 3235 εὐοῖ,
1114 3170 1199 3235 εὐάν,
1217 3172 1363 3223 Bassareus
1385 3187 1402 3223 a

296 3255 364 3292 voce
382 3239 490 3292 Thracio
507 3241 656 3312 Βασσάρα,
676 3242 709 3294 de
729 3258 780 3311 qua
797 3243 858 3295 virle
877 3245 983 3296 Passor.
1002 3241 1080 3293 lexic.
1099 3257 1187 3310 graec.
1208 3257 1275 3293 ar.

368 3334 397 3385 V.
416 3333 443 3385 8.
477 3332 635 3407 Centaurea]
673 3336 725 3388 vid'.
746 3336 821 3390 Orid.
840 3340 900 3390 llet.
923 3338 980 3405 llll,
1001 3339 1054 3390 219
1063 3354 1118 3406 sqq.
1159 3337 1234 3388 Hom.
1251 3334 1303 3389 od.
1326 3337 1400 3400 xxt,

298 3404 350 3458 295
359 3421 415 3474 sqq.
436 3436 469 3446 -
489 3411 659 3479 rapermero]
682 3404 819 3460 Ablatirus
840 3425 898 3461 com
919 3409 965 3459 bac
984 3409 1178 3476 praepositione
1192 3422 1316 3458 common
1329 3422 1400 3458 con-

297 3477 420 3544 iungatur
439 3476 489 3527 nisi
508 3477 553 3541 ita,
571 3486 600 3528 nt
617 3487 660 3529 aut
680 3478 754 3530 locus
773 3479 869 3548 aliquis
887 3479 963 3531 altior
980 3479 1022 3531 vel
1042 3479 1194 3546 superficies
1214 3478 1353 3546 quaedam,
1373 3479 1403 3528 in

298 3562 350 3625 pua
368 3545 429 3616 quid
448 3547 560 3614 positum
580 3549 614 3598 sit
634 3549 763 3601 indicetur
782 3550 881 3618 (Carni.
902 3551 923 3614 Ι,
940 3550 967 3613 9,
977 3553 1001 3603 5.
1020 3550 1067 3613 tlt,
1088 3548 1403 3613 1‚17)‚aurraaiouti-

299 3620 374 3670 cuius
392 3620 431 3669 rei
450 3617 578 3676 habeatur·
592 3617 690 3688 (carm
709 3620 756 3685 ΙΙΙ,
775 3620 802 3683 8,
823 3620 864 3683 17.
881 3620 926 3685 tv,
946 3620 972 3682 2,
993 3620 1036 3673 4¹2.
1057 3621 1085 3672 C.
1105 3621 1130 3672 S.
1153 3618 1217 3689 18),
1240 3618 1404 3671 Oudendor-

300 3689 359 3757 pina
376 3688 558 3756 corrigendum
576 3691 678 3756 putarit,
692 3707 770 3760 super
786 3686 945 3742 mansos.
963 3690 1064 3757 Zumpt
1088 3707 1126 3758 gr.
1145 3689 1190 3741 lat.
1209 3692 1236 3754 §.
1255 3688 1317 3741 320.
1351 3692 1403 3742 Αι-

300 3767 387 3810 tamen
405 3758 590 3812 dubitationem
605 3760 692 3818 iniicit
711 3777 778 3813 nuos
796 3769 868 3812 certo
889 3769 915 3812 et
932 3760 1078 3813 simillimus
1105 3761 1180 3811 locus
1200 3760 1305 3831 Virgilii
1333 3762 1404 3813 Aen.
1497 3817 1500 3821 ,

300 3829 347 3891 lx,
359 3829 392 3884 61
410 3839 502 3895 „nocte
521 3847 599 3899 arrper
615 3831 725 3884 παίει(
738 3862 770 3875 -
791 3831 927 3901 Sithoniis}
950 3832 1073 3887 Thraciae
1090 3830 1188 3902 populo
1207 3830 1241 3882 ad
1259 3831 1405 3897 Salmyde-

301 3914 359 3952 tum
370 3899 465 3952 flumen
476 3899 611 3963 habitanti,
632 3902 726 3970 quibua
742 3917 789 3952 cnr
806 3901 885 3953 Euius
906 3902 940 3952 sit
959 3919 1013 3962 nort
1027 3902 1092 3971 'lenis
1110 3901 1244 3970 intelliges
1265 3917 1298 3956 ex
1316 3902 1405 3955 Carm.

301 3968 323 4031 l,
331 3970 376 4030 273
388 3971 446 4038 laq.
456 4002 490 4012 -
499 3974 590 4040 sciprio
597 3972 800 4041 firtelibidiaron]
824 3974 918 4039 exiguo
929 3972 1085 4037 discrimine,
1102 3972 1171 4041 quod
1182 3974 1251 4023 inter
1261 3972 1406 4025 honestum

303 4046 331 4089 et
346 4047 420 4104 turpe
436 4040 588 4120 relinquant
606 4042 623 4093 ii
638 4045 681 4111 qui
694 4041 802 4094 libidine
815 4052 1000 4094 mouentum-
1014 4039 1133 4113 candide]
1149 4042 1274 4108 formose,
1294 4044 1329 4095 ob
1339 4061 1406 4111 per-

303 4116 407 4175 petuam
417 4109 688 4164 Baccbiiurentutern.
707 4111 855 4179 apodas.
877 4112 952 4165 Oarrn
972 4113 992 4177 1,
1002 4114 1077 4176 231.
1097 4144 1131 4154 -
1149 4112 1403 4185 innitumpaatiunr]

302 4179 381 4232 Sacra
393 4184 421 4228 et
428 4183 550 4243 mysteria
568 4182 662 4234 bacchi
678 4181 854 4235 occultissima
864 4183 993 4253 religione
1003 4182 1219 4245 continebantnr3
1238 4186 1330 4253 itaque
1340 4187 1407 4239 dicit

302 4255 390 4316 poeta,
407 4262 438 4299 aa
455 4248 549 4302 Bacchi
561 4251 636 4304 donis
653 4269 705 4305 non
722 4252 791 4304 mala
805 4268 919 4318 usuram,
940 4266 1026 4322 neque
1038 4270 1106 4323 quae
1119 4254 1183 4305 deus
1195 4255 1276 4306 celari
1288 4256 1407 4309 voluerit

301 4321 328 4369 in
340 4317 425 4370 locem
443 4319 634 4385 producturum.
649 4355 680 4366 -
690 4327 779 4395 samo]
799 4332 905 4391 propter
914 4324 1056 4376 terribilem
1068 4340 1169 4377 sonum.
1182 4353 1215 4365 -
1233 4328 1406 4399 Berecyntio}

297 4388 429 4457 Phrygio,
456 4404 471 4439 a
495 4388 622 4458 Phrygiae
640 4403 728 4447 monte
747 4394 903 4460 berceram,
923 4395 967 4447 ubi
986 4395 1120 4447 colebatur
1142 4395 1266 4461 Cybele,
1294 4396 1329 4449 de
1351 4415 1404 4467 qua

299 4458 361 4510 vide
379 4459 412 4510 ad
427 4457 511 4511 Carni.
533 4460 553 4525 1,
573 4460 615 4527 16,
633 4465 658 4516 5.
678 4497 711 4508 -
732 4480 808 4516 anaor
826 4466 877 4535 rot]
900 4465 957 4517 Tria
976 4468 1141 4519 nominantur
1161 4467 1227 4521 vitia
1248 4467 1408 4521 ebrietatem
