3117 5042
632 355 636 425 [
732 347 1026 433 ‚candiduli

539 537 672 618 (lentus,
693 538 905 623 Melpomene5
926 540 975 602 cui
995 538 1143 623 liquidam
1157 500 1254 620 ¹peter

623 649 735 711 Vocem
760 667 827 713 curn
849 648 971 711 citlrarn
991 647 1085 712 dedit.
1140 739 1144 744 .

508 804 521 847 e
540 764 846 866 iirgn'ouiucttiiun
866 776 1038 866 perpetuus·
1051 800 1145 864 sopor

538 870 655 974 linget:
677 891 726 963 cui
747 890 850 954 Pudor
870 887 903 952 'et
922 890 1061 979 iustitiae
1080 905 1187 964 soror,

533 1001 722 1081 incorrupte
739 999 836 1089 Fides
859 999 1002 1081 nudaque
1023 994 1147 1087 Velitne
1154 998 1159 1054 1

622 1090 870 1192 Quandouilum
891 1090 1039 1173 inueniet
1046 1107 1177 1188 peremi
1215 1185 1217 1189 Ι

541 1227 648 1305 diuitis
662 1240 723 1329 7ἱΙΙςε
745 1240 834 1319 bonis
854 1234 966 1309 uetitis
989 1238 1119 1314 occidit3
1214 1306 1217 1313 ,

486 1366 515 1414 ω
534 1348 619 1412 nun
638 1345 784 1417 uerrunt,
800 1348 891 1431 quan
913 1347 995 1427 rtur„
1012 1338 1150 1428 virgili..

539 1458 589 1520 'l'u
614 1456 733 1520 frustra
754 1457 823 1539 pius
842 1455 905 1550 'heu
926 1448 1053 1531 nonita
1074 1444 1223 1517 creditum

340 1652 427 1707 tristes
442 1654 623 1720 querimoniae
637 1664 724 1723 usqne
741 1652 903 1718 admedium
919 1666 1024 1704 versum
1041 1659 1079 1717 (r.
1087 1649 1137 1715 -101
1155 1648 1325 1700 vehementer
1344 1657 1442 1700 aucmc
1537 1678 1538 1681 =

339 1725 434 1790 ingens
453 1723 589 1789 damnum,
605 1725 676 1793 quod
695 1725 821 1793 praestari
836 1739 887 1781 non
906 1725 1011 1794 possit,
1036 1730 1063 1781 et
1078 1719 1227 1791 singulares
1248 1722 1360 1772 virtutes
1386 1719 1439 1771 de-

340 1793 423 1846 functi
442 1796 518 1846 amici
537 1794 687 1847 dulcissimo
704 1789 825 1861 moerore
843 1795 1037 1863 descripserint,
1054 1801 1110 1849 tota
1124 1791 1206 1842 altera
1226 1807 1286 1858 pars
1304 1792 1441 1858 superiori

343 1867 472 1919 contraria
491 1874 544 1917 est:
565 1865 661 1918 luctum
681 1868 775 1919 iustum
794 1864 842 1927 sed
859 1867 959 1931 irritrrm
979 1878 1048 1927 esse,
1064 1862 1237 1916 calamitatem
1247 1863 1382 1929 patienter
1395 1863 1441 1912 ie-

339 1934 456 1987 rendam.
501 1938 557 1999 Qua
581 1937 686 2004 quidem
704 1936 857 1989 consolandi
873 1938 976 1991 ratione
992 1949 1060 2003 quse
1076 1943 1166 2002 potest
1185 1934 1279 1984 melior
1297 1931 1442 1984 inveniri?

339 2003 403 2056 lirun
421 2014 462 2058 ert
485 2006 629 2059 consolatio
656 2007 689 2059 ad
715 2023 799 2075 eumq
822 2023 934 2076 quacum
961 2000 1116 2070 Quinctilius
1139 2006 1229 2060 intima
1257 2004 1439 2055 isaniiiaritete

338 2077 492 2128 coniunctus
509 2078 618 2129 uixerat.
634 2077 752 2131 daudet
768 2080 849 2147 igitur
867 2078 987 2130 Heraios
997 2076 1097 2143 Virgilii
1119 2089 1264 2129 moerorem
1285 2090 1317 2125 ec
1337 2073 1441 2127 luctum

338 2145 373 2198 ob
394 2155 511 2214 ereptum
528 2150 655 2212 emicum3
674 2150 799 2217 imparem
817 2148 847 2201 se
867 2142 1002 2216 prolitetur
1021 2148 1137 2215 quinatis
1157 2146 1352 2218 dignodpdrp
1372 2160 1440 2212 pro-

341 2219 416 2285 sequi
434 2219 518 2286 possit
534 2228 586 2278 tem
606 2221 741 2287 egregium
761 2219 901 2289 hominem,
922 2228 973 2270 tarn
992 2216 1094 2269 dulcem
1112 2219 1232 2282 amicum,
1250 2225 1330 2268 uocat
1347 2217 1375 2267 in
1388 2231 1441 2267 au-

341 2287 432 2340 xilium
460 2288 576 2354 Musam,
604 2290 690 2357 prodit
713 2291 897 2358 necopinatum
922 2305 996 2342 suum
1011 2290 1096 2343 etiam
1126 2287 1243 2357 dolorem
1270 2287 1442 2353 ct·concedit

337 2367 425 2410 umen
444 2358 575 2412 nemiuem
595 2362 693 2417 maiore
711 2362 768 2413 iure
787 2362 879 2429 lugere
897 2375 973 2428 quem
993 2359 1138 2427 Virgilium.
1184 2358 1241 2411 Sic.
1255 2372 1314 2409 cum
1338 2358 1440 2409 aditum

339 2429 396 2480 sibi.
408 2432 538 2498 paraverit
556 2431 589 2481 sd
607 2433 720 2483 animum
736 2432 880 2489 contristati
898 2432 975 2482 aniici
993 2438 1043 2497 „at
1061 2432 1153 2499 inquit,
1172 2429 1268 2480 lmstrs
1286 2443 1441 2497 conquere-

339 2501 384 2564 ris,
403 2500 497 2554 frustra
513 2503 632 2569 reposcis
649 2518 727 2570 quern
745 2502 828 2555 semel
848 2501 1002 2568 'eripuerunt
1019 2500 1070 2564 dii3
1097 2498 1124 2551 iri
1138 2500 1218 2552 sitam
1235 2499 1366 2557 reducere
1387 2515 1441 2551 nou

338 2577 431 2639 posses
449 2576 591 2636 mortuum,
621 2575 698 2624 etiam
717 2575 739 2625 si
760 2574 866 2640 Orpheo
884 2571 1004 2624 blindins
1021 2586 1138 2623 caneres
1194 2571 1282 2635 Quare
1304 2571 1369 2639 quid
1388 2573 1441 2622 erit

340 2641 513 2692 iaciendum?
549 2636 675 2701 Patientia
697 2643 835 2695 levandum
853 2651 894 2695 est
913 2642 982 2711 quod
1003 2643 1094 2710 nequit
1113 2639 1204 2693 dolore
1225 2643 1355 2707 restituis
1395 2643 1441 2695 Sic

338 2712 486 2763 ostendisse
504 2711 579 2764 nobis
598 2716 717 2765 uidemur
735 2714 787 2765 luoc
803 2730 908 2783 qnoque
928 2728 1033 2764 ,carmen
1054 2715 1090 2763 ita
1108 2717 1168 2773 esse
1189 2713 1387 2780 compositum,
1413 2721 1442 2763 ut

338 2780 403 2843 nihii
423 2796 475 2833 non
494 2783 571 2833 modo
590 2782 709 2843 desecari
726 2784 773 2836 sed
792 2801 825 2835 ne
846 2783 980 2851 transponi
997 2784 1101 2851 quidem
1119 2798 1199 2849 posse
1216 2783 1391 2851 intelligatur.
1403 2814 1437 2825 -

339 2852 404 2903 Cum
424 2852 592 2918 Quinctilium
610 2871 634 2907 a.
655 2854 707 2924 730
724 2864 853 2907 mortuum
875 2854 1082 2919 «resarciamus,
1109 2870 1212 2905 carmen
1240 2870 1293 2923 quo
1318 2862 1440 2922 tempore

338 2926 464 2991 seriptum
485 2926 519 2976 sit
538 2924 629 2993 liquet.
1195 2928 1198 2933 ’

409 3021 438 3072 V.
464 3025 487 3072 1.
506 3020 644 3092 desiderio]
661 3021 691 3072 ln
709 3022 797 3073 dativo
815 3020 954 3073 difficultas
972 3019 1121 3089 quaerenda
1140 3008 1261 3081 nonest3
1281 3026 1356 3070 recte
1369 3019 1439 3069 enim

338 3091 459 3157 congruit
479 3106 539 3145 cuna
556 3093 654 3142 maiore
675 3107 751 3159 quem
766 3092 792 3143 h.
806 3091 951 3149 lumbum
966 3094 1001 3143 'sit
1014 3091 1125 3153 hebetavi
1143 3080 1173 3141 a'c
1182 3098 1322 3156 potestate,
1343 3089 1441 3140 deinde
1529 3112 1531 3114 ·

335 3160 422 3228 pudor
439 3168 463 3211 et
475 3161 568 3223 modus
586 3160 654 3212 bene
676 3164 806 3227 coniuncti
824 3170 897 3226 sunt,
914 3178 975 3213 nam
994 3161 1038 3213 ubi
1050 3177 1074 3213 a
1091 3162 1171 3212 nimio
1191 3159 1268 3222 luctu,
1282 3160 1368 3227 pudor
1389 3161 1441 3211 ho-
1537 3221 1538 3229 ἵ

237 3258 247 3276 .
337 3229 421 3280 cirinen
442 3230 571 3296 prohibet,
592 3231 683 3283 modus
706 3233 782 3283 simul
803 3234 918 3301 querelis
929 3228 1042 3300 ponitur.
1079 3233 1121 3284 Sic
1142 3231 1251 3283 ilartial.
1271 3232 1342 3293 vni,
1364 3231 1392 3295 3,
1409 3232 1442 3297 3:

336 3300 391 3363 „Sit
409 3302 491 3365 pudor
509 3309 535 3351 et
553 3301 628 3353 linis“
654 3311 681 3352 et
699 3302 768 3367 Vlll,
791 3303 835 3367 64,
858 3306 908 3356 15:
934 3304 989 3370 „Sit
1007 3302 1108 3353 tandem
1128 3302 1212 3370 pudor
1233 3311 1259 3354 et
1277 3303 1371 3353 modus
1396 3318 1441 3352 ra-

338 3371 434 3437 pisina
462 3403 495 3414 -
535 3375 594 3423 cari
612 3375 716 3442 capitis]
737 3375 780 3425 Sic
801 3373 943 3426 Scirillerus
961 3382 1064 3424 noster:
1094 3372 1144 3438 „Er
1164 3372 1235 3423 zohtt
1255 3373 1297 3423 die
1319 3375 1440 3439 lliupter

336 3443 425 3493 seiner
442 3438 554 3507 Lielrcnp
570 3440 626 3496 Und
645 3443 719 3495 siah!
739 3444 790 3495 ihm
811 3445 876 3496 iehlt
893 3445 955 3513 lrein
974 3447 1075 3495 rieures
1091 3445 1204 3512 Haarpt-.“
1230 3476 1265 3484 -
1294 3449 1369 3513 erqo]
1396 3446 1442 3495 Si-

338 3512 445 3583 gnificat
459 3513 531 3568 'haec
548 3513 675 3581 porticula
696 3514 808 3566 subitam
827 3523 853 3566 ct
865 3516 1051 3565 uehementem
1071 3515 1282 3577 admirationem,
1303 3516 1439 3581 adquam

328 3583 469 3637 'cumloci
489 3594 581 3637 natura
596 3582 716 3637 dolorem
744 3586 838 3650 addat,
865 3586 976 3653 efficitur
998 3595 1026 3636 ut
1050 3587 1199 3652 necopinati
1218 3585 1321 3639 doloris
1341 3602 1440 3637 sensus

336 3656 503 3721 exprimatur.
522 3660 658 3728 -urch
678 3656 739 3707 uide
751 3659 791 3723 ad
811 3656 895 3709 Carni.
917 3653 1170 3723 11‚9‚'9:ct.›virg.
1190 3656 1262 3706 Aen:
1276 3656 1310 3719 X,
1330 3656 1394 3709 745.
1405 3677 1441 3698 ·-

337 3720 432 3797 Paidor]
454 3726 487 3777 ci.
501 3724 586 3777 cina.
598 3723 671 3780 Saec.
685 3725 728 3781 58,
748 3726 795 3779 Est
814 3729 899 3778 autem
919 3742 951 3777 ea
969 3727 1062 3791 virtus,
1082 3744 1132 3795 qua
1152 3726 1265 3793 nequid
1285 3726 1346 3776 mali
1362 3742 1440 3777 conr·

335 3797 465 3849 mittamus
484 3798 563 3849 insito
582 3797 692 3866 quodam
710 3798 787 3859 nobis
806 3795 949 3855 honestetis
969 3813 1047 3848 sensu
1062 3797 1229 3865 prohibemur
1250 3796 1440 3867 (Ehrgeiirlrl).

337 3876 373 3910 ὲ*
391 3864 508 3920 lutetiae
525 3874 610 3940 soror]
639 3868 672 3937 cl.
692 3867 800 3921 cinere
815 3868 884 3918 offic.
902 3866 938 3933 11,
959 3866 983 3918 7.
1008 3866 1122 3920 'lustitia
1134 3862 1170 3922 ,et
1187 3864 1254 3922 fides
1276 3866 1441 3936 cognatione

338 3938 445 4003 quadarn
460 3935 689 4005 copulatae'sunt,
709 3947 738 3989 ut
756 3940 837 3999 altera
851 3954 903 3990 non
922 3940 1006 4005 possit
1026 3956 1085 3990 esse
1104 3937 1271 3990 sine'altera.
1293 3971 1324 4003 ··.
1350 3941 1440 3993 ηιιᾶα·

337 4022 384 4072 que
409 4001 518 4079 Veritas]
539 4008 668 4077 simplem,
686 4012 786 4131 aperta,
804 4024 871 4077 quae
889 4025 974 4077 neque
992 4007 1073 4061 ullum
1091 4009 1230 4061 verborum
1251 4020 1440 4062 ornamentum

337 4090 424 4144 neque
442 4078 577 4131 artilicium
598 4094 685 4148 neque
714 4096 790 4131 urum
810 4079 923 4131 aliumve
942 4080 1038 4131 cultum
1057 4081 1199 4131 desiderat.
1241 4113 1271 4123 -
1309 4083 1438 4150 inveniet]

337 4145 377 4197 De
401 4145 526 4214 singulari
550 4165 659 4202 numero
681 4150 742 4218 lege
772 4149 872 4217 Zumpt.
894 4150 1233 4217 gr.1ar.§.373.sdri0t.
1256 4154 1270 4203 1
1296 4151 1366 4218 med.
1404 4182 1441 4193 -

345 4217 446 4287 Vsrqilr]
470 4217 530 4268 vide
547 4219 648 4287 Zumpt.
667 4237 706 4287 gr.
725 4221 769 4272 lat.
791 4223 817 4283 §.
837 4222 880 4272 33.
898 4222 985 4272 adnot.

405 4305 438 4355 V.
459 4306 500 4354 11.
523 4307 623 4384 [austra
639 4309 697 4373 pies
714 4308 780 4427 ltertl¹
794 4307 852 4359 iioii
870 4307 1019 4375 intelligere
1038 4310 1163 4374 pietatem
1181 4311 1208 4359 in
1227 4301 1357 4369 amicum3
1392 4308 1441 4360 sed

338 4372 428 4425 eadent
448 4382 489 4427 ort
510 4383 591 4438 pietas
612 4392 687 4442 quarn
713 4379 740 4427 iu
783 4379 804 4428 is
831 4379 978 4429 invenimus
997 4379 1075 4430 locis:
1114 4377 1199 4430 Carnu.
1218 4380 1238 4443 1,
1258 4382 1307 4441 ii,
1331 4380 1372 4430 ts.
1406 4378 1440 4441 ti,

341 4444 381 4507 tt,
400 4445 427 4494 2.
446 4444 490 4508 iv,
510 4444 535 4506 7,
556 4443 611 4505 24;
638 4444 791 4513 quibuscum
818 4449 938 4499 conferas
957 4448 1043 4502 locum
1061 4465 1094 4501 ex
1113 4449 1194 4502 simili
1212 4452 1328 4503 carmine
1344 4449 1439 4502 ovidii
