3117 5042
779 407 1047 514 euuuiuuu

567 617 667 687 Voces
686 622 774 688 audii
794 625 894 690 adine
911 627 1042 711 integer.
1086 629 1127 694 At
1145 629 1201 697 tili

607 732 653 794 lie
674 732 793 798 ricinos
813 731 949 817 llaipess

647 837 722 902 Plus
741 839 823 904 iusto
843 840 967 923 placeat
987 861 1083 924 caree

511 1001 541 1047 es
564 983 711 1062 Quamvis
733 993 795 1049 ndu
816 986 897 1051 aliua
916 986 1041 1054 flectere
1061 1007 1169 1077 equum
1189 996 1290 1060 selem

564 1088 669 1175 deque
688 1093 875 1176 conspicitur
894 1098 1036 1178 gramine
1056 1101 1171 1165 Martio

606 1201 672 1265 Nee
690 1200 851 1284 qaisquam
872 1203 951 1267 citus
972 1225 1069 1290 aeque
1167 1235 1171 1244 ,

650 1309 753 1372 'lusco
775 1309 904 1376 deastut
925 1315 1028 1378 alvea

564 1456 667 1522 Prima
688 1462 778 1523 node
800 1459 920 1527 domurn
940 1464 1051 1526 claude
1073 1481 1171 1548 neque
1193 1467 1225 1531 iu
1252 1468 1319 1532 risa

508 1580 539 1627 ao
558 1565 623 1632 Sui
647 1573 740 1630 aaut
758 1569 907 1650 querulae
927 1569 1051 1654 despice
1071 1574 1183 1652 tiliae,

607 1674 648 1740 tu
668 1682 701 1737 te
722 1693 817 1758 saepe
836 1678 958 1741 uocanti

646 1782 762 1847 [lurum
778 1783 914 1849 difficilis
934 1804 1033 1852 nane

809 1975 1037 1993 *Μ

765 2142 958 2221 Carmen
982 2144 1068 2223 vlit.

565 2312 689 2382 Martiis
711 2319 835 2383 caelebs
856 2320 927 2403 quid
950 2339 1043 2403 agam
1065 2321 1238 2404 Kalendis,

566 2428 644 2508 Quid
665 2428 762 2492 velint
785 2425 879 2490 dores
899 2434 931 2491 et
949 2447 1060 2494 aceris
1080 2430 1179 2495 thuris

366 2608 449 2682 Epod.
469 2612 511 2677 17,
520 2612 564 2665 54.
601 2609 704 2661 Gratum
724 2607 793 2659 lisud
811 2606 890 2659 dubie
908 2615 949 2659 est
966 2623 1110 2673 oxymoron
1130 2610 1236 2665 surdior
1253 2608 1334 2662 audit.
1353 2610 1385 2666 ci.
1396 2603 1442 2661 En·

364 2685 457 2752 ripidis
473 2683 541 2738 ssed.
560 2680 610 2735 28:
641 2680 678 2742 uic
697 2679 728 2733 tl
746 2685 851 2749 πέτρος
873 2678 889 2744 ἢ
913 2680 1074 2741 dulcinum
1099 2679 1213 2735 allidor
1239 2679 1357 2748 ἀκούεις
1384 2681 1444 2733 audii
1517 2753 1518 2758 1

365 2756 485 2823 quidem,
502 2753 550 2805 aad
572 2768 625 2804 non
642 2758 761 2803 movetur
780 2751 864 2817 magis
883 2764 960 2817 quam
979 2751 1001 2802 si
1019 2766 1071 2802 non
1089 2749 1241 2803 audivisset.

436 2841 466 2895 V.
487 2841 530 2896 25.
547 2840 661 2908 mensu
682 2838 850 2907 conspicitur}
872 2837 933 2888 vide
952 2835 983 2887 ad
1002 2836 1084 2889 Canu
1104 2837 1125 2904 l,
1144 2839 1187 2901 28,
1209 2841 1251 2892 ld.
1282 2871 1317 2884 -
1355 2842 1445 2908 denen

365 2917 467 2984 eumin}
490 2912 520 2964 ln
540 2910 654 2962 delicata
671 2918 722 2977 qna
739 2917 791 2958 tum
811 2906 986 2974 perdebantur
1004 2908 1111 2961 llomsni
1130 2912 1203 2978 pueri
1230 2910 1329 2975 (Carni.
1349 2911 1393 2976 ΙΙΙ,
1408 2909 1445 2972 tt,

365 2982 477 3053 fidsqq.)
496 2985 548 3035 vita
565 2995 686 3048 maguum
706 2977 773 3030 haurd
792 2977 871 3029 dubie
888 2978 938 3029 luit
953 2977 1054 3031 roboris
1076 2990 1255 3048 argumentum
1276 2984 1303 3033 in
1325 2981 1444 3050 equitandi

364 3055 495 3123 medique
512 3053 627 3115 artibus;
655 3059 814 3120 quapropter
830 3051 856 3099 iu
875 3048 916 3100 hir
933 3052 1038 3117 asapius
1059 3051 1092 3102 ad
1111 3065 1225 3103 amorem
1243 3053 1387 3119 puellarum
1404 3068 1444 3102 er·

366 3124 497 3175 uitandum
514 3125 602 3190 pravis
621 3137 685 3174 saue
702 3120 891 3173 commendatio
911 3122 1051 3187 quaeritur,
1069 3122 1102 3173 de
1119 3133 1169 3190 qua
1182 3139 1302 3190 compara
1321 3128 1358 3175 sis
1372 3122 1443 3174 Caret

364 3194 386 3260 Ι,
403 3194 431 3258 8,
448 3198 473 3251 (a
493 3193 537 3257 ΙΙΙ,
559 3193 601 3256 12,
622 3195 645 3245 i.
681 3192 786 3244 Summa
804 3193 883 3259 igitur
901 3190 994 3258 Enipei
1015 3192 1072 3244 lans
1089 3194 1235 3246 ostenditur
1252 3194 1285 3245 ab
1300 3193 1444 3246 llorstiobis

344 3317 348 3326 ,
365 3266 451 3330 posito
468 3280 549 3330 cepas
568 3261 691 3314 adverbio
709 3264 736 3314 iu
753 3260 847 3313 illustri
866 3260 935 3324 ioco,
955 3263 1056 3314 initium
1076 3264 1135 3314 dieo
1153 3273 1180 3315 et
1199 3264 1276 3316 linem
1290 3281 1445 3317 versuum.-

365 3336 482 3405 amai]
512 3333 587 3394 ἅπαξ
612 3333 766 3403 λεγόμενον
788 3341 817 3383 ut
837 3333 958 3394 videtum
986 3342 1027 3384 est
1044 3342 1130 3387 autem
1148 3351 1180 3385 ex
1197 3338 1333 3402 superiore
1352 3336 1443 3388 iocois

339 3395 342 3402 “
365 3404 516 3457 interiorem
538 3412 637 3469 nume,
656 3419 723 3472 quae
740 3404 845 3471 quidem
867 3405 1025 3472 rignidcatio
1044 3408 1246 3473 praepositionis
1264 3407 1296 3458 de
1313 3423 1373 3460 mox
1389 3405 1444 3457 redit

365 3477 393 3528 iu
410 3475 491 3528 verbo
508 3475 627 3544 despice,⁸
647 3490 768 3542 compara
786 3474 871 3525 detali
890 3475 974 3528 cnm.
994 3474 1039 3538 ΙΙΙ,
1059 3475 1104 3539 29,
1125 3477 1177 3538 353
1195 3478 1314 3529 decidere
1336 3479 1405 3545 llpist
1427 3476 1444 3538 Ι,

366 3547 410 3612 id,
428 3548 479 3611 293
502 3547 641 3599 decurrere
661 3546 743 3599 Germ.
762 3545 806 3608 lv,
823 3547 849 3609 2,
866 3544 902 3606 ὅ,
930 3546 1040 3613 defluere
1056 3546 1139 3598 Curru.
1162 3547 1181 3611 Ι,
1202 3550 1244 3613 12,
1263 3547 1308 3601 29.
1335 3548 1412 3617 Epist.
1427 3546 1444 3610 l,

319 3651 324 3660 -
364 3619 392 3684 2,
408 3618 458 3683 423
475 3617 535 3670 alis.
553 3647 588 3660 -
604 3634 685 3686 nepus
703 3618 814 3687 despice]
839 3615 898 3668 ride
915 3616 948 3667 ad
966 3616 1049 3668 Cano.
1070 3616 1091 3683 Ι,
1112 3621 1154 3684 ΙΙ,
1173 3619 1198 3670 2.

797 3736 940 3788 Carinen
962 3736 1029 3790 vllt.

446 3835 578 3892 flentium
600 3850 624 3887 a.
645 3831 698 3886 728
716 3827 826 3883 cadente
847 3830 933 3883 subito
952 3830 1044 3883 arbore
1064 3844 1150 3899 paene
1172 3834 1329 3887 exstinctum
1348 3829 1444 3888 usual

363 3903 448 3965 ciem.
467 3910 501 3974 ll,
521 3908 553 3960 13
571 3906 718 3972 expositum
736 3910 785 3954 eat.
822 3901 895 3966 Quse
913 3903 1018 3970 quidem
1040 3919 1083 3955 res
1101 3911 1152 3954 tuin
1171 3905 1332 3957 sdnrirabilia
1356 3910 1379 3959 ei
1397 3907 1443 3957 visa

364 3991 419 4046 est,
448 3989 477 4033 nt
500 3977 535 4032 ob
559 3982 739 4028 conservatam
760 3972 871 4026 salutun
897 3980 998 4039 gratnm
1017 3973 1067 4024 diis
1086 3975 1199 4026 animum
1219 3991 1307 4027 annuo
1328 3977 1443 4029 menidi

363 4053 452 4103 testari
470 4050 631 4101 decerneret.
677 4045 759 4096 Vocat
777 4045 855 4110 igitur
874 4043 1022 4112 insequenti
1047 4058 1115 4095 auno
1133 4044 1309 4098 dulcissimum
1336 4051 1442 4104 amicula,

362 4122 557 4181 Maecenatem,
588 4117 620 4168 sd
638 4115 729 4183 epulas
747 4129 806 4165 cunt
824 4113 952 4165 aacriiicio
973 4113 1023 4165 lieo
1041 4114 1109 4165 festo
1128 4114 1172 4167 die
1189 4116 1370 4170 celebrandas.
1403 4116 1446 4179 [lui

363 4206 423 4242 cum
441 4191 563 4250 nesciret,
581 4187 643 4256 qnid
661 4188 711 4239 hoc
730 4185 890 4252 potissimum
908 4184 961 4247 die,
981 4184 1182 4249 matronalibus,
1209 4186 1316 4239 caelebs
1337 4190 1443 4242 uonna·

363 4275 472 4312 coenam
490 4261 651 4322 instituisset,
669 4258 772 4309 domum
790 4257 887 4306 intrans
905 4270 993 4306 sacros
1012 4254 1047 4306 ibi
1066 4265 1205 4323 apparatus
1222 4260 1309 4309 mirari
1337 4277 1366 4312 se
1382 4258 1443 4310 unita

364 4331 493 4398 exprimit.
540 4328 595 4381 lani
622 4328 673 4378 lsoc
695 4327 810 4377 carmine
838 4325 1004 4392 cogitandum
1022 4334 1062 4377 est
1080 4328 1202 4394 excipere
1228 4328 1363 4382 Horatium
1387 4330 1445 4380 laete

363 4404 473 4453 aurium
492 4400 606 4467 quidque
626 4400 660 4448 sit
678 4399 715 4448 rei
734 4395 875 4462 explicare.
912 4396 1041 4447 Dividitur
1059 4412 1162 4449 carnaea
1184 4408 1330 4466 easeptem
1345 4399 1444 4467 strepuit

361 4473 531 4538 compositum
550 4471 577 4520 iu
595 4468 659 4519 duas
677 4475 772 4533 partes,
792 4482 899 4534 querum
919 4469 989 4533 prior
1008 4475 1061 4518 tres
1081 4468 1202 4535 strophss
1218 4469 1395 4538 complectens
1409 4467 1445 4519 lea

360 4543 429 4594 rtiva
444 4540 531 4608 aliqua
549 4540 649 4591 ratione
667 4537 861 4590 admirationem
885 4537 963 4590 habet
987 4539 1145 4593 ldsecenatie
1173 4539 1325 4610 iloratiique
1354 4553 1398 4593 cnr
1418 4547 1444 4587 et
