3117 5042
720 385 997 450 cantitavit

513 567 673 631 Barbarum
694 572 856 650 postquam
876 565 1015 630 occidere
1037 572 1156 630 turmae

463 695 491 739 ro
513 675 666 740 Thessalo
689 676 808 738 rhetore
829 681 861 736 et
882 675 1043 756 ademptus
1062 675 1177 739 lieeter

514 781 658 847 Tradidit
679 780 769 843 lessio
790 779 911 843 leviora
931 781 1002 848 tolli

598 888 751 971 Pergama
772 886 888 951 (iralis.

513 1064 640 1138 Nescius
659 1091 701 1136 an
724 1079 756 1134 te
775 1087 924 1152 generum
945 1069 1028 1132 heati

515 1180 666 1259 Phyllidis
684 1178 788 1243 darae
809 1179 957 1241 decorent
975 1182 1143 1259 parentes:
1192 1155 1195 1160 ’

464 1308 493 1353 ts
513 1289 645 1372 Regium
667 1293 751 1350 certe
768 1305 868 1367 genus
888 1293 920 1349 et
940 1291 1070 1368 penates

596 1398 717 1460 llloeret
737 1393 867 1478 iniquos

514 1579 616 1644 Crede
640 1597 701 1641 non
721 1577 809 1641 illam
830 1575 885 1639 tihi
910 1575 949 1637 de
967 1575 1101 1638 scelesta

516 1686 610 1749 Plehe
631 1686 792 1764 dilectam,
810 1702 909 1767 neque
930 1686 975 1747 sie
996 1683 1132 1759 tidelem,

515 1796 569 1860 Sie
587 1796 674 1858 luero
696 1811 839 1856 aversam
860 1792 996 1873 potuisse
1016 1792 1103 1855 nasei

464 1922 494 1966 m
599 1903 700 1966 Matre
726 1900 879 1983 pudenda.

517 2086 654 2152 Brachia
674 2095 706 2148 et
724 2086 842 2149 vultum
865 2092 1042 2166 teretesque
1067 2103 1157 2150 suras

520 2199 648 2278 integer
668 2194 780 2272 laudo;
803 2197 877 2275 luge
899 2194 1065 2275 suspicari,

520 2304 613 2368 Cuius
633 2309 776 2366 octavum
799 2302 969 2383 trepidarit
989 2308 1077 2366 aetas
1121 2355 1124 2364 i

602 2411 756 2475 Claudere
775 2412 915 2474 lustrum.

321 2632 374 2669 non
391 2615 463 2670 solus
480 2613 598 2667 Achilles
617 2622 661 2666 aut
679 2612 882 2680 Neoptolemum
909 2611 956 2663 sed
979 2610 1095 2666 Thessali
1114 2627 1160 2679 pro
1180 2615 1280 2664 eunctis
1298 2612 1418 2677 Graecis,

322 2689 383 2756 quia
402 2690 459 2738 sino
470 2685 651 2738 Thessalorum
671 2684 790 2747 Achillis,
807 2682 980 2749 Neoptolemi,
998 2683 1185 2748 Myrmidonum
1204 2700 1254 2752 ope
1266 2685 1343 2736 Troia
1361 2702 1418 2737 uon

322 2759 406 2827 potuit
424 2757 491 2824 oapi.
508 2787 543 2798 -
564 2755 671 2828 Hector]
691 2754 766 2808 ilem.
786 2753 817 2804 ll.
837 2752 986 2819 xlttttor.
1007 2753 1167 2818 1111111243.
1186 2787 1222 2798 -
1240 2757 1271 2807 V.
1284 2757 1326 2808 11.
1356 2757 1417 2808 Du-

323 2828 385 2898 plex
404 2837 444 2879 est
460 2824 595 2879 antithesis
612 2829 687 2893 fessis
704 2824 804 2876 koiora
821 2833 848 2874 ot
862 2823 990 2893 Porpomo
1007 2825 1096 2877 Graiis
1109 2856 1143 2868 -
1165 2827 1264 2897 Graiis]
1286 2827 1319 2878 de
1331 2827 1418 2880 Grae-

323 2902 361 2952 cis
382 2899 502 2967 antiquis,
521 2899 663 2965 praecipue
681 2896 786 2947 heroica
804 2903 897 2958 aetate,
915 2904 943 2946 nt
959 2894 1042 2963 Epod.
1059 2896 1100 2958 10,
1112 2899 1152 2948 12.
1173 2896 1248 2950 Ovio.
1267 2898 1328 2950 hiet
1343 2898 1416 2963 xtrl,

325 2970 386 3025 281.
407 2971 468 3023 241.
506 2969 583 3021 Gonu.
601 2968 667 3035 Nep.
684 2966 778 3018 Annib.
800 2964 835 3027 33
853 2966 914 3016 inde
932 2965 982 3016 hoc
998 2969 1102 3019 nomine
1119 2970 1272 3034 saepissime
1291 2985 1354 3022 usus
1375 2978 1418 3022 est

323 3041 446 3110 Virgilius
468 3042 494 3092 in
513 3038 638 3093 Aeneide.
674 3037 775 3089 Deinde
796 3036 872 3088 Graii
889 3035 1053 3103 appellantur
1074 3040 1156 3105 magis
1176 3041 1280 3106 postico
1300 3042 1418 3105 nomine,

324 3129 382 3164 eum
400 3114 504 3179 antiqua
523 3125 611 3161 eorum
628 3110 728 3173 virtus,
745 3104 885 3171 nobilitas,
904 3110 992 3174 poesis
1014 3108 1212 3174 praedicantur,
1231 3119 1260 3162 ut
1277 3110 1361 3166 Caum
1381 3112 1416 3176 11,

327 3185 368 3244 16,
387 3182 431 3235 38.
450 3181 493 3244 lV,
511 3182 538 3244 8,
554 3180 581 3231 4.
616 3178 698 3246 Epist.
716 3178 749 3243 ll,
771 3181 797 3241 l,
816 3178 858 3229 19.
894 3180 926 3230 Α.
944 3178 973 3230 Ρ.
991 3178 1053 3231 323.
1102 3180 1131 3232 ln
1153 3179 1241 3246 lyricis
1258 3183 1418 3235 carminibus

324 3252 432 3305 altorum
450 3267 543 3303 nomen
563 3251 661 3302 Gruei
677 3264 728 3300 non
746 3248 851 3299 videtur
868 3248 987 3314 inveniri,
1005 3251 1055 3301 nisi
1076 3250 1120 3302 uhi
1134 3268 1198 3303 suae
1218 3255 1311 3305 aetatis
1331 3253 1418 3305 Grae-

325 3323 399 3375 eulos
415 3324 472 3374 sine
489 3319 647 3373 verecundia
666 3321 800 3371 nominare
819 3319 940 3372 hloratius
959 3315 1050 3386 voluit,
1069 3331 1098 3374 ut
1116 3322 1199 3374 Germ
1219 3324 1240 3387 1,
1257 3323 1302 3387 20,
1321 3326 1347 3375 2.
1368 3324 1417 3389 111,

324 3393 369 3459 24,
387 3394 430 3459 57,
449 3395 476 3446 iu
494 3408 545 3461 quo
564 3391 623 3443 loeo
642 3392 841 3458 vituperationis
858 3389 955 3459 aliquid
973 3392 1048 3458 inest,
1068 3393 1185 3461 quaneh
1207 3395 1348 3447 Graiorum
1364 3410 1418 3446 no-

324 3467 394 3517 mine
411 3463 563 3532 longissime
583 3462 690 3513 recedit.
714 3492 748 3503 —
783 3462 886 3513 neamus
904 3466 949 3533 aa]
970 3462 1087 3515 fortasse.
1117 3463 1169 3514 vid.
1188 3465 1288 3533 Zumpt.
1305 3468 1334 3529 §.
1352 3465 1418 3520 354.

323 3566 359 3579 -
376 3535 499 3604 Phyllidis
517 3537 610 3604 Meae]
632 3532 665 3585 lit
683 3547 778 3584 nomen
798 3533 882 3599 ipsum
902 3541 928 3584 et
944 3535 1078 3589 ἐπίθετον
1095 3535 1254 3587 iuventutem
1272 3536 1421 3589 muliercu-

324 3606 367 3659 lae
383 3606 509 3667 indioaol3
537 3606 604 3656 llava
628 3612 668 3656 est
691 3612 720 3654 ut
743 3602 808 3655 lolia
828 3602 949 3655 ethorum
972 3607 1106 3667 recentia3
1136 3607 1175 3657 sie
1194 3607 1275 3660 Chloe
1293 3607 1362 3658 dave
1377 3617 1421 3661 est

325 3677 409 3730 cion.
428 3677 474 3741 lli,
494 3676 519 3742 9,
543 3676 582 3738 19,
611 3674 773 3740 Ganymedes
794 3673 837 3738 lV,
856 3676 883 3738 4,
902 3673 929 3725 4.
965 3675 1065 3741 Phyllis
1083 3684 1168 3728 antem
1190 3678 1325 3799 (φύλλον)
1348 3678 1421 3731 idem

324 3748 454 3817 signilloat
472 3745 541 3816 quod
559 3745 642 3797 Chloe
663 3745 775 3815 (plateoe
808 3744 889 3810 prime
918 3759 950 3798 ex
969 3749 1067 3798 cortice
1085 3751 1263 3801 excrescentia
1281 3749 1308 3800 lo
1321 3751 1356 3801 ia.
1387 3781 1420 3793 -

323 3828 420 3871 moeret
437 3835 467 3870 re
484 3821 538 3870 ium
554 3822 646 3886 penus]
664 3815 734 3884 quod
753 3830 800 3867 sua
817 3816 944 3866 servitute
964 3819 1163 3870 contaminatum
1177 3822 1263 3884 sentit,
1281 3835 1335 3872 uon
1348 3821 1420 3888 quod

323 3892 416 3943 amisit
474 3905 514 3941 am
535 3903 617 3956 genus
636 3888 753 3938 omittere
770 3886 828 3954 quis
846 3886 958 3952 potest?
989 3921 1021 3931 .-
1061 3892 1113 3941 iate
1132 3895 1170 3962 er]
1192 3907 1280 3943 amore
1297 3906 1352 3943 non
1373 3907 1420 3943 cn-

324 3968 394 4027 ptur,
412 3961 486 4012 euius
503 3959 627 4010 iudicium
647 3973 698 4009 non
718 3966 759 4009 est
778 3972 866 4007 amore
884 3968 1041 4027 corruptum.
1061 3960 1094 4012 cl.
1114 3907 1198 4014 germ
1218 3962 1265 4027 111,
1285 3964 1311 4029 7,
1328 3963 1418 4015 22.-

324 4034 385 4099 [ripe
403 4032 542 4102 suspicari]
563 4029 624 4081 vide
644 4027 676 4081 ed
695 4027 779 4082 Caum.
798 4029 818 4091 l,
840 4026 906 4091 1,8.

777 4291 965 4305 ..α-
