3117 5042
366 374 430 436 ota
712 361 1110 429 ‘stimulanti

452 554 569 621 'liltore
589 554 640 616 vol
660 553 772 618 (lablis
794 560 825 616 et
847 561 945 616 teor!
969 554 1016 616 sie
1036 556 1131 633 agate
1152 550 1209 615 nie
1232 555 1266 614 et

452 662 609 727 Candidus
629 669 662 726 et
684 662 767 724 talos
789 680 809 724 a
831 661 946 723 serore
968 659 1096 741 pulcher
1113 659 1154 723 ad
1175 659 1258 722 ines
1303 711 1307 718 ,

419 791 433 834 s
456 767 524 835 rtet
544 771 661 852 eritque
682 775 754 832 tuos
773 785 962 833 nummorum
983 767 1112 830 milibus
1125 773 1209 843 osto,
1245 807 1253 816 -

450 880 555 941 verua
576 875 754 940 ministeriis
774 875 815 939 ad
835 879 928 940 nabas
953 882 1043 957 aptus
1064 874 1190 951 beriles,

448 983 608 1049 litterulis
631 981 763 1046 Graecis
781 981 931 1060 imbutos,
954 982 1083 1045 idoneus
1106 982 1169 1046 arti

447 1092 599 1168 enirttoa
622 1090 739 1172 argilla
762 1089 1177 1172 quemammodum

451 1200 531 1278 ouis
554 1198 646 1261 otiam
666 1203 758 1261 sarra
777 1196 933 1272 ludestorp
951 1196 1007 1259 sed
1025 1196 1123 1274 dulor.
1136 1194 1264 1259 bibenti.

397 1327 427 1370 ιο
451 1308 551 1371 Multa
570 1305 661 1368 tidem
685 1304 983 1390 pretiossimam,
1007 1303 1059 1367 ubi
1079 1303 1200 1386 plenius
1218 1318 1317 1383 aequo

452 1414 575 1480 malet
597 1412 739 1492 venales,
760 1413 815 1495 qui
837 1411 907 1474 vult
927 1411 1110 1488 extradere,
1129 1427 1259 1498 merces.

449 1525 512 1588 ttes
533 1527 627 1604 urget
643 1539 693 1610 ιιι
714 1520 819 1584 uullar
840 1538 907 1582 uteo
930 1538 996 1583 surr
1019 1535 1136 1602 pauper
1155 1519 1292 1584 tn'aere.

445 1633 541 1695 Nono
563 1628 622 1692 boe
643 1645 830 1709 mangonum
849 1628 969 1692 iaceret
988 1626 1065 1704 tibi3
1084 1646 1145 1690 nou
1168 1633 1284 1690 temere
1304 1643 1326 1687 a
1343 1638 1386 1685 ne

365 1878 448 1945 primo
467 1875 552 1928 statim
570 1874 637 1926 libro
654 1873 782 1925 addiderit
801 1873 859 1942 quis
877 1881 975 1924 restam
995 1886 1097 1924 eausam
1114 1873 1197 1941 possit
1216 1868 1352 1923 invenire?
1382 1863 1446 1917 tes-

364 1955 472 2016 questrrr
493 1948 573 2014 igitur
591 1953 646 2000 erat
662 1945 763 2009 Florus,
785 1943 854 2012 quod
873 1943 906 1995 ab
925 1944 1031 1995 lloratio
1051 1959 1138 2012 neque
1156 1943 1293 2011 epistolam
1311 1940 1384 1992 ullam
1398 1952 1441 1988 re-

363 2033 415 2086 que
434 2019 547 2068 carmina
565 2016 609 2068 diu
626 2017 677 2067 iam
695 2014 842 2067 desiderata
861 2015 1015 2082 accepisset.
1050 2014 1097 2066 Cui
1116 2014 1219 2083 quidem
1241 2021 1402 2065 exossatum
1415 2022 1443 2059 se

363 2096 441 2155 poeta
459 2087 563 2139 itabat
583 2085 692 2153 epistola
720 2087 833 2137 animum
858 2089 959 2152 aperit,
989 2084 1108 2136 utnulla
1126 2086 1178 2136 alia
1200 2081 1325 2153 quidquid
1350 2081 1380 2132 de
1395 2081 1441 2130 sais

365 2159 459 2220 rebus,
491 2156 524 2209 do
551 2159 704 2208 vitaesuae
722 2157 875 2219 rationibus,
893 2156 926 2208 de
944 2157 1047 2222 poetica
1066 2155 1209 2219 facultate,
1236 2154 1270 2206 de
1290 2150 1442 2221 philosophia

364 2232 474 2281 sentiret
491 2228 598 2280 liberius
616 2236 660 2279 aut
681 2226 783 2293 plenius
803 2228 920 2277 videatur
938 2228 1138 2293 exprompsisse.
1170 2228 1210 2280 Ae
1228 2227 1336 2292 primum
1353 2220 1443 2291 quide·

363 2299 433 2368 quod
454 2299 517 2349 nibil
544 2299 576 2350 ad
603 2297 707 2349 floron
733 2299 783 2348 sori
804 2299 868 2349 serit
898 2297 1039 2348 litterarum
1070 2296 1157 2365 lepido
1180 2297 1317 2363 mangonis
1334 2291 1441 2358 amplo

363 2375 402 2440 (v.
425 2370 497 2437 22),
525 2368 594 2436 quod
616 2367 680 2419 uihil
700 2369 766 2420 mise
790 2378 801 2420 t
826 2370 965 2419 carinianum
992 2372 1127 2435 proposita
1152 2368 1185 2419 de
1203 2366 1356 2419 Luculliano
1372 2363 1443 2415 milite

363 2441 512 2492 narratione
530 2448 637 2491 excusat
656 2443 695 2509 (v.
716 2438 784 2508 40);
816 2438 878 2490 dein
904 2437 974 2489 addit
1003 2441 1076 2506 quasi
1100 2438 1227 2508 quandam
1254 2436 1368 2488 tabulam
1384 2436 1444 2484 ritae

362 2526 426 2565 arrae
445 2527 477 2562 ac
493 2511 653 2579 poeticorum
673 2509 825 2573 surdorum,
843 2509 1008 2576 mteuditque
1025 2511 1119 2577 quibus
1138 2510 1223 2562 erasis
1238 2507 1302 2559 olim
1319 2517 1347 2559 nt
1361 2505 1443 2573 poesia

363 2579 1335 2706 dllt‘illzd‘lltlb'llllltltrttt”lattstlltffi‘
1348 2590 1445 2717 ir‘l'rd

363 2722 431 2775 alius
449 2721 501 2774 alia
521 2729 661 2788 exspectet
681 2736 712 2772 ao
729 2722 831 2789 probet,
849 2715 1021 2772 turbulentam
1039 2688 1118 2773 r'ritam
1136 2722 1203 2772 inter
1219 2722 1354 2787 strepitum
1371 2719 1446 2770 nolo-
1521 2769 1522 2780 p

362 2802 454 2861 ttaqrro
470 2795 576 2861 nogotia
596 2793 712 2846 Romana
734 2798 771 2862 (a.
790 2793 851 2858 86),
870 2791 992 2856 taedium,
1010 2791 1079 2860 quod
1097 2793 1193 2843 misera
1210 2799 1236 2843 et
1255 2790 1355 2842 insulsa
1370 2789 1445 2841 reni·
1521 2813 1522 2826 ι

362 2863 495 2915 llootorum
513 2863 607 2932 qulbus
626 2871 679 2914 tum
697 2863 777 2915 Romu
796 2861 942 2914 abundabat
963 2871 1051 2918 mutua
1072 2859 1185 2914 lauda'tio
1201 2871 1226 2914 et
1236 2861 1351 2930 adulatio
1363 2859 1446 2911 debeat

364 2936 480 2986 e'xeitare
498 2939 536 3004 (v.
562 2933 638 3002 109),
665 2934 786 3001 ingentes
807 2932 991 2996 difficultates,
1024 2949 1091 3000 quae
1108 2933 1270 3000 superandae
1288 2935 1343 2984 sint
1359 2930 1445 2981 bomiri

362 3005 508 3056 tolerabilia
521 3004 614 3057 nedum
625 3003 741 3071 perlecta
759 3012 787 3054 et
803 3002 921 3055 absoluta
943 3004 1057 3054 earmina
1074 3006 1192 3056 emittere
1210 3005 1336 3070 cupienti,
1354 3001 1446 3053 utbea-
1520 3013 1521 3016 ’

361 3075 413 3127 tlus
434 3091 516 3143 prope
534 3074 685 3141 babendum,
699 3077 733 3126 sit
750 3067 819 3125 illud
832 3090 915 3144 genus
934 3081 1077 3140 poetarum,
1093 3075 1163 3142 quod
1173 3077 1267 3127 meotis
1280 3077 1339 3127 acie
1355 3081 1446 3140 captum
1520 3139 1521 3144 ¹

364 3159 452 3212 neque
477 3161 523 3196 sua
550 3145 686 3213 pervideat
712 3147 775 3196 vltis
801 3152 827 3196 et
846 3144 895 3196 sibi
915 3144 1018 3211 placeat
1037 3151 1075 3215 (v.
1095 3138 1175 3214 140)“;
1203 3145 1317 3202 studium
1344 3143 1446 3211 denique

362 3217 517 3282 sapientiae,
539 3218 580 3266 eui
598 3216 724 3284 quidquid
742 3216 796 3274 sibi·
811 3217 881 3267 ritae
898 3214 1018 3267 relictum
1038 3217 1071 3267 sit
1089 3215 1190 3268 tradere
1209 3219 1260 3267 iam
1282 3215 1445 3269 consolareris

363 3287 407 3340 stc
426 3287 480 3335 exit
498 3284 608 3352 epistola
627 3288 653 3335 iu
675 3289 753 3337 aurea
772 3286 898 3353 quaedam
916 3294 1054 3352 praecepta
1073 3288 1269 3352 rectevlvendi,
1288 3289 1393 3357 saepius
1404 3287 1446 3336 iau
1519 3345 1520 3348 Ἴ

365 3358 392 3408 in
411 3355 530 3423 epistolis
548 3357 681 3423 proposita
702 3356 904 3424 sed'ingeoioso
923 3355 1055 3424 descripta
1073 3365 1100 3409 et
1117 3373 1221 3426 semper
1237 3373 1310 3410 vera.

446 3460 477 3513 V.
501 3460 523 3510 l.
560 3459 600 3511 lle
618 3459 694 3526 primi
712 3474 803 3511 vorsus
822 3459 1016 3528 negligentiore
1033 3460 1114 3513 dorma
1132 3462 1166 3513 cl.
1187 3462 1220 3514 ad
1239 3462 1322 3530 Epist
1343 3462 1365 3526 1,
1385 3461 1448 3524 aa
1519 3471 1520 3476 ’

361 3530 401 3584 De
419 3530 521 3583 Tiberio
541 3532 637 3582 iurene
654 3530 716 3582 vido
731 3531 764 3582 ad
781 3530 890 3582 eandem
910 3531 1055 3598 epistolam
1075 3563 1108 3575 -
1130 3533 1233 3601 Tibure]
1251 3533 1311 3585 lloli
1328 3546 1445 3601 quaerut

362 3616 409 3653 eur
425 3601 520 3654 Tibure
543 3603 587 3652 rel
617 3601 703 3653 Gabiis
732 3609 819 3653 natum
838 3617 945 3668 puerum
963 3601 1083 3656 maluerit
1100 3618 1247 3670 proponere
1264 3620 1343 3672 quatu
1364 3605 1447 3663 alium

363 3680 404 3724 est
424 3675 491 3723 enim
511 3688 575 3739 puer
594 3673 747 3740 peregrinae
767 3680 794 3722 et
813 3674 979 3739 incognitus;
998 3673 1149 3740 aedpoetis
1168 3684 1239 3726 oerta
1255 3677 1370 3742 imagine
1388 3690 1444 3741 oper

363 3751 411 3793 est
449 3742 569 3795 Ceterum
589 3742 718 3794 admirare
735 3751 815 3794 artem
834 3743 931 3795 lloratii
949 3746 983 3795 ia·
1002 3744 1179 3797 describendis
1202 3761 1237 3796 ae
1256 3748 1361 3798 tuendis
1380 3761 1445 3797 ιιιιι-

361 3827 458 3935 ἓοιιιιιιι
471 3822 504 3864 Δοι
522 3822 693 3868 mercatorum
712 3828 813 3866 merses
830 3829 890 3878 suas
911 3814 1067 3866 laudantium
1085 3816 1198 3867 moribus
1205 3818 1391 3886 „conspicuam
1416 3814 1443 3866 ol.

384 3885 416 3935 ic.
436 3882 469 3935 do
487 3883 530 3934 ott.
550 3883 596 3946 ΙΙΙ,
616 3885 656 3948 17,
668 3884 710 3935 71.
722 3918 757 3928 -
771 3885 910 3953 condidus]
930 3886 1033 3937 nou-ad
1050 3888 1162 3938 animum
1180 3883 1354 3950 referendum
1365 3886 1410 3938 sed
1421 3884 1446 3936 ad

361 3969 510 4020 eorpus-
531 3955 631 4006 milliara
649 3958 717 4023 osto]
741 3955 793 4007 763
812 3954 866 4006 dor.
884 3956 966 4008 libert.
983 3988 1019 4000 -
1036 3955 1168 4026 litteralis]
1187 3956 1286 4009 Gaatrrs
1302 3968 1344 4009 est
1361 3971 1446 4024 nuga

361 4025 388 4075 in
403 4023 528 4075 laudanda
546 4027 619 4091 pueri
630 4026 780 4093 cognitione
793 4023 934 4089 litterarum
946 4042 1112 4094 grreearom3
1132 4028 1193 4079 inde
1205 4028 1365 4080 deminutira
1374 4029 1447 4080 torna

361 4104 389 4146 et
407 4109 457 4144 voe
484 4095 600 4146 babetur.
622 4125 654 4136 -
680 4096 823 4147 imitaberis
855 4096 980 4163 „Quidam
998 4098 1139 4150 inanditae
1159 4099 1266 4166 legunt,
1294 4100 1364 4168 qnod
1384 4109 1446 4150 eota

361 4180 443 4233 puero
462 4163 588 4227 alienum
620 4164 712 4216 melius
738 4182 802 4232 ergo
834 4170 934 4234 egimus
954 4169 1113 4231 imitaberis,
1143 4176 1171 4220 ut
1199 4177 1240 4221 est
1268 4172 1295 4221 in
1323 4169 1446 4222 retentu

364 4233 569 4301 exemplaribus,
596 4244 625 4286 ut
649 4239 777 4288 sententia
796 4239 843 4288 sit:
869 4254 934 4304 puer
953 4239 1011 4292 talis
1030 4249 1072 4290 est
1091 4241 1208 4306 ingenii,
1241 4249 1269 4292 ut
1287 4233 1445 4293 dectra‘eu

361 4320 414 4372 quo
433 4305 499 4357 valis
517 4314 637 4373 unquam
657 4305 775 4374 argillam
796 4309 911 4382 udam&
923 4309 1019 4361 Comae.
1039 4310 1115 4376 Ceaeq-
1135 4324 1179 4352 -·
1195 4310 1296 4380 leont]
1314 4315 1447 4378 ,minuunt

359 4374 485 4426 leviorem
504 4375 625 4428 lactent«
643 4378 714 4432 idem
744 4411 771 4421 -
794 4396 848 4429 aare
870 4381 898 4429 ιἰι
915 4385 989 4450 aere]
1011 4389 1040 4432 ut
1059 4381 1123 4432 nulli
1144 4382 1283 4449 quidquam
1303 4383 1411 4434 debeam
1423 4411 1447 4422 ·-

359 4451 530 4516 senseram]
551 4445 611 4498 uide
631 4446 663 4498 ad
681 4448 733 4508 Sat.
754 4448 789 4513 11,
809 4451 835 4513 2,
852 4450 915 4503 tto.
935 4450 1018 4518 Epist.
1037 4451 1070 4518 ll,
1093 4453 1195 4518 l‚‹120.
1216 4482 1249 4498 ·-
1269 4456 1353 4521 [erret
1375 4454 1445 4520 iden}
