3117 5042
445 353 535 417 niu.
559 354 597 416 ll.
641 347 789 418 chun.
812 353 894 418 xnt.
916 359 996 420 Xll'.
1204 366 1267 428 tte

411 538 474 598 Nec
496 544 585 600 curat
606 538 701 601 erton
724 540 830 602 leones

315 661 346 702 ce
446 645 508 707 dut
528 645 653 708 timidos
674 647 798 728 agitare
820 650 936 725 lyncas.

490 1023 496 1032 .
565 957 762 1046 Carmen
787 957 873 1033 xlv.

370 1103 457 1165 Eheu
478 1106 631 1185 fugaces,
654 1106 815 1184 Postume,
837 1109 995 1184 Postume,
1025 1114 1028 1118 '

371 1213 532 1276 hahentur
552 1216 627 1277 anni
648 1231 705 1277 uec
725 1217 826 1298 pletas
847 1233 964 1281 noram
1008 1223 1012 1228 '

410 1321 513 1402 lingis
533 1326 564 1382 et
586 1321 712 1385 instanti
735 1336 879 1386 senectae
970 1341 973 1350 ’

455 1428 571 1492 atteret
587 1430 814 1514 indomitaeque
836 1435 948 1508 morti3
991 1479 1004 1488 .,
1050 1463 1055 1496 :

339 1582 459 1654 sNon,
480 1582 507 1643 si
528 1582 660 1643 trecenis
683 1589 835 1664 quotquot
858 1589 932 1644 eunt
951 1581 1051 1654 dics,'

369 1688 492 1765 Amice,
518 1689 629 1769 places·
644 1689 890 1754 illacrimahilem

409 1797 679 1870 Plutonatauris,
702 1797 754 1879 qni
778 1805 827 1859 ter
846 1795 978 1879 amplum

454 1906 620 1984 Geryonen
643 1905 818 1987 Tityonque
838 1906 921 1969 tristi

598 2042 744 2096 Carmen
771 2042 836 2094 lilll.

237 2133 302 2196 Quis
320 2134 455 2186 Postumus
475 2136 567 2199 leserit,
588 2137 716 2204 adquam
736 2137 786 2188 hoe
808 2153 911 2190 emmau
933 2137 1052 2190 Horatius
1073 2140 1194 2204 scripsit,
1214 2155 1262 2189 ne-

164 2205 272 2256 sciinus.
308 2206 364 2255 lloc
385 2214 469 2256 antem
491 2206 629 2258 tenendum
650 2216 708 2271 est,
732 2224 818 2276 neque
837 2207 900 2258 illud
919 2223 1013 2260 nomen
1034 2224 1120 2274 neque
1138 2208 1263 2279 trequen-

164 2284 216 2324 tem
237 2276 264 2324 in
285 2277 399 2327 cannino
418 2274 525 2328 alteram
546 2292 682 2344 personam
700 2279 825 2344 impedire
842 2279 978 2346 quominus
998 2293 1159 2335 communem
1177 2278 1263 2329 locum

165 2361 198 2395 ex
217 2345 358 2397 Horatiana
373 2346 538 2413 philosophia
556 2364 636 2414 saepe
658 2347 815 2400 celebratum
835 2350 903 2400 hune
922 2357 1051 2414 putemus.
1090 2348 1263 2416 Conqueritur

164 2424 244 2482 poeta
262 2416 296 2466 de
315 2417 443 2468 brevitate
462 2420 549 2482 mue,
580 2419 613 2469 de
631 2421 788 2470 necessitate
807 2419 949 2481 moriendi,
966 2419 998 2468 de
1019 2419 1142 2469 inanitate
1162 2421 1262 2469 inleso-

165 2503 230 2536 mm.
269 2488 361 2541 Omnia
380 2498 497 2540 muana
518 2489 596 2540 solita
615 2491 693 2541 animi
718 2490 867 2553 hilaritate,
898 2505 965 2557 quae
986 2492 1012 2539 iu
1034 2489 1160 2540 eiusmodi
1182 2505 1262 2556 argu-

163 2560 260 2608 mentis
290 2560 389 2626 uhique
414 2559 470 2611 fere
496 2560 629 2626 proditur,
654 2576 814 2628 magnopere
831 2557 985 2620 'receduut3
1016 2567 1106 2610 eontra
1133 2562 1261 2611 tristitiam

164 2629 294 2695 quandam
316 2632 428 2696 sapiunt,
446 2646 522 2698 qnam
541 2645 644 2697 semper
664 2625 696 2682 ab
716 2635 802 2683 auimo
823 2648 870 2682 suo
886 2630 1025 2682 excindere
1042 2647 1075 2682 ne
1089 2631 1149 2681 huic
1158 2633 1262 2698 quidem

163 2699 263 2750 homini
281 2703 398 2767 contigit.
418 2732 452 2745 -
484 2702 567 2752 hledin
585 2702 690 2769 stropha
711 2704 787 2755 huius
808 2719 912 2770 quoque
930 2703 1065 2752 cannitiis:
1079 2701 1193 2753 ostendit
1214 2718 1261 2753 ea-

163 2779 219 2837 put,
239 2772 308 2838 quod
332 2774 370 2822 sic
394 2772 547 2823 illustratum
571 2773 685 2824 videbis:
705 2774 796 2842 Neque
818 2774 967 2824 innocentia
980 2775 1050 2823 ritae
1063 2772 1160 2842 (1-4)
1175 2788 1261 2839 neque
1331 2775 1333 2779 ’

165 2857 300 2893 merorum
319 2841 482 2894 multitudine
500 2857 515 2894 a
534 2847 663 2895 communi
683 2845 786 2895 hannani
807 2846 911 2910 generis
931 2852 1001 2893 sorte
1019 2851 1046 2892 te
1065 2841 1210 2894 vindicabis
1231 2841 1261 2911 (ll

165 2914 265 2979 -12);
287 2928 345 2964 nam
356 2913 443 2980 edique
462 2916 650 2968 rationemors
670 2915 791 2966 oheunda
809 2923 849 2965 est
870 2914 1010 2982 (to-to).
1039 2912 1080 2963 Ad
1099 2913 1195 2963 inieras
1213 2912 1262 2963 de-

164 2982 293 3033 tmdiurur
321 2984 472 3052 (tt-20),
494 2985 664 3051 relinquimus
690 2988 775 3035 omnia
799 2999 971 3051 quaecunque
991 2986 1017 3033 in
1043 2983 1091 3033 hac
1116 2991 1183 3033 terra
1202 2998 1262 3033 cara

164 3052 291 3104 hahemus
311 3055 454 3122 (at-24),
473 3057 558 3123 iisque
578 3057 709 3121 potientur
726 3065 786 3122 pest
802 3063 917 3108 nostrum
935 3055 1077 3106 discessum
1094 3053 1203 3104 heredes
1215 3069 1262 3103 ca-

163 3124 269 3176 rissima
286 3123 361 3176 uobis
380 3141 500 3194 quaeque
518 3127 705 3192 profundentes
728 3125 869 3196 (as-28).
903 3156 935 3167 -
975 3125 1092 3188 Quonam
1110 3139 1177 3176 auno
1197 3125 1262 3175 haee

165 3203 246 3262 poeta
266 3196 402 3261 scripserit
418 3197 469 3247 dici
485 3198 584 3265 nequit.

256 3291 286 3340 V.
310 3292 333 3340 l.
371 3290 428 3355 Qiro
451 3293 536 3343 animo
555 3292 634 3343 luerit
654 3301 731 3358 poeta
750 3308 807 3342 cunr
824 3292 892 3342 hsce
912 3291 1053 3348 scriberet,
1071 3292 1152 3357 prima
1174 3291 1260 3339 statim

163 3359 274 3425 querula
294 3360 380 3426 prodit
399 3362 493 3413 vocula
513 3364 594 3427 eheu‚·
614 3379 701 3431 neque
720 3361 805 3412 aliena
825 3362 857 3412 ab
878 3362 927 3410 hoc
947 3364 1032 3413 animo
1051 3361 1211 3426 anadiplosis
1223 3367 1263 3408 est

164 3429 292 3491 Postume,
315 3431 488 3483 Postrema-
519 3433 650 3504 ludantur]
673 3441 701 3482 ut
719 3435 768 3499 ipsi
788 3434 832 3483 vix
850 3435 1006 3493 sentiamus,
1037 3432 1151 3496 imagine
1170 3429 1202 3478 de
1221 3428 1261 3478 la-

164 3499 287 3551 bentibus
309 3505 383 3569 aquis
403 3519 508 3574 quarum
530 3513 626 3555 motum
648 3502 782 3554 oculomm
801 3504 858 3552 acie
878 3505 922 3553 vix
941 3518 1031 3551 cernas
1051 3503 1138 3566 petita.
1165 3498 1260 3548 lisdem

164 3586 248 3637 prope
266 3572 354 3622 veihis
371 3573 477 3625 Ovidius
497 3573 565 3624 rost.
583 3574 625 3636 Vl,
640 3575 706 3626 771:
728 3573 869 3638 „Tempora
888 3572 1008 3622 labuntur
1027 3573 1163 3636 tacitisque
1181 3583 1262 3618 seue-

164 3644 261 3692 seimus
289 3645 389 3693 annis.“
424 3673 457 3687 -
497 3646 578 3712 rupis]
610 3645 656 3694 llic
676 3646 768 3693 iterum
787 3643 867 3692 velim
892 3642 1080 3692 animadvertas
1102 3648 1155 3690 tres
1175 3647 1261 3704 partes

164 3713 300 3777 particulis
322 3723 354 3776 et,
377 3715 591 3779 quecouiunetas.
604 3746 637 3755 -
659 3721 777 3780 quotquot
796 3714 937 3783 annidies}
960 3712 1062 3777 poetice
1081 3705 1261 3775 propontidis.

167 3783 209 3833 dre
230 3793 317 3834 autern
337 3783 369 3833 de
391 3792 534 3851 temporum
554 3784 683 3850 aequabili
704 3791 774 3834 motu
795 3783 917 3849 frequens
938 3781 1052 3831 verbum.
1078 3781 1161 3831 Germ.
1181 3780 1224 3840 lV,
1237 3781 1262 3840 5,

166 3852 190 3901 7.
222 3853 306 3919 Epist.
326 3852 359 3914 ll,
378 3856 403 3918 2,
422 3855 465 3906 55.
503 3885 535 3896 -
572 3853 669 3925 places]
696 3853 883 3905 Coniunctivus
904 3855 928 3902 iu
947 3853 1076 3903 sentent-ia
1094 3850 1261 3915 hypothetica

167 3924 200 3972 its
221 3927 332 3989 positus,
351 3932 379 3973 ut
396 3925 457 3991 quid
467 3927 550 3991 possit
561 3925 616 3975 lieri
637 3941 815 3991 summumque
834 3925 963 3988 cogitetur
982 3923 1148 3981 ostendatur;
1167 3933 1261 3987 graece

166 3996 296 4060 optativus
316 3997 354 4044 sic
374 3997 485 4059 ponitur,
505 3996 604 4047 etianrsi
623 3998 650 4045 in
671 3995 778 4062 epodosi
798 3994 951 4044 indicativus
970 3993 1060 4042 modus
1079 3999 1126 4041 est.
1146 4022 1179 4030 —
1197 3988 1262 4041 illn-

165 4065 337 4184 erimndilemp
356 4065 390 4114 cl.
411 4064 494 4116 Carm-
514 4066 547 4126 ll,
565 4065 591 4128 3,
606 4069 648 4117 24!
666 4098 699 4106 -
718 4076 757 4116 ter
775 4065 895 4133 amplum}
917 4065 954 4114 hd
975 4063 1191 4127 comparationem
1212 4060 1262 4109 hoc

166 4136 301 4200 epitheton
335 4144 436 4196 actem3
455 4152 513 4186 nam
533 4152 591 4186 cum
609 4145 649 4186 ter
670 4137 771 4202 amplus
793 4136 895 4200 Geryon
913 4134 1043 4192 domatur,
1064 4130 1193 4199 quomodo
1214 4145 1261 4180 uos
1314 4163 1319 4167 -

166 4205 346 4272 effugiemus?
382 4206 496 4270 Geryon,
517 4205 670 4270 Chrysaoris
689 4216 715 4256 et
735 4206 882 4257 Calirrhoes
901 4203 979 4264 lilius,
998 4205 1112 4269 ingentis
1131 4202 1262 4266 magnitu-

164 4276 230 4327 dinis
249 4285 403 4338 monstrum,
421 4277 453 4328 ab
476 4277 587 4327 Hercule
606 4276 667 4328 olim
685 4281 842 4342 'superatum
864 4277 907 4342 qni
928 4283 955 4324 ut
972 4289 986 4324 a
1005 4274 1111 4324 Graecis
1127 4272 1263 4336 ιρικάρητ-

165 4365 219 4408 νος,
241 4348 426 4414 intemptatae
446 4348 484 4397 sic
504 4346 583 4397 latine
604 4349 636 4397 ah
658 4349 763 4398 Horatio
783 4357 822 4396 ter
840 4345 946 4412 amplus,
968 4345 999 4395 ab
1016 4344 1073 4395 aliis
1085 4352 1123 4392 ter·
1136 4342 1265 4403 geminus,

165 4419 306 4484 tricorpor,
326 4418 484 4484 tripectorns
506 4416 661 4483 appellatur.
699 4449 731 4458 -
774 4418 872 4485 Tityon]
894 4417 946 4467 vid.
971 4415 1042 4466 liena
1063 4412 1116 4465 lid.
1139 4409 1265 4474 iiheifi.
