3117 5042
796 386 1064 453 cnutttnem
1098 391 1105 397 ’

661 565 767 627 Pulvis
791 571 823 627 et
843 565 954 629 undum
975 554 1108 629 sumtus.¹

580 672 655 748 Quis
679 658 801 734 scitne
822 672 1161 737 ediisiuutlmdiernue
1181 675 1319 739 crastino
1339 697 1457 740 sumnus

626 836 629 843 .
662 781 818 860 Tempore
839 780 1019 861 diruperit

578 887 697 950 Cunctu
718 907 826 953 munus
847 888 955 951 avidos
977 888 1099 968 fugient
1120 888 1259 966 lrercdis,
1280 891 1375 952 emico

526 1012 556 1057 te
659 999 745 1072 eoae
768 996 891 1058 dederis
909 997 1022 1061 esino.

579 1104 654 1167 Cum
674 1104 768 1166 semel
789 1103 939 1167 occideris
962 1110 993 1165 et
1015 1103 1054 1165 de
1071 1110 1102 1165 te
1124 1102 1287 1185 splendida
1309 1103 1405 1167 Minos

661 1210 783 1274 decerit
802 1212 947 1289 arbitrie,

573 1321 661 1396 Non,
682 1322 861 1401 Torquate,
882 1338 1001 1401 gentis,
1022 1339 1085 1383 neo
1105 1327 1136 1382 te
1158 1318 1321 1397 facundia,
1351 1338 1409 1382 uon
1428 1325 1453 1378 te

655 1428 807 1491 Restituet
828 1427 945 1508 pictam

519 1551 548 1594 ns
569 1534 703 1598 lnlernis
724 1535 923 1617 nequeenim
945 1536 1082 1599 tenebris
1102 1534 1204 1599 uiam
1224 1535 1365 1617 pudicum

635 1694 639 1703 ,
659 1642 787 1706 lrilterut
806 1643 1020 1724 Hippolytum,

569 1751 632 1811 Nee
654 1751 790 1815 Lethaea
813 1753 898 1814 valet
918 1753 1058 1816 Theseus
1081 1750 1267 1833 obrumpere
1287 1766 1362 1812 euro

655 1859 787 1923 Vincule
807 1859 956 1923 Pirithoo.

372 2056 449 2109 leude
468 2056 561 2107 suxit?
597 2059 670 2120 Quae
691 2058 713 2108 sl
733 2057 815 2123 adest,
836 2059 949 2124 priorem
972 2055 1057 2108 locum
1075 2062 1188 2122 occupet
1203 2069 1314 2106 necesse
1335 2061 1381 2105 est.
1401 2051 1457 2103 'lol-
1521 2072 1522 2081 ¹

372 2128 413 2179 lus
432 2137 518 2181 autern
539 2128 612 2179 dives
631 2128 787 2195 appelletur,
809 2132 869 2197 quie
886 2145 932 2179 rex
951 2127 1014 2189 luit3
1035 2128 1111 2179 mum
1125 2129 1212 2178 Ancus
1231 2125 1313 2176 dives.
1351 2123 1456 2191 Opposi-

372 2199 451 2250 tionis
472 2197 536 2249 nihil
555 2199 695 2250 videndum
719 2201 787 2249 inter
811 2215 882 2267 prum
905 2200 1020 2252 Aeneam
1040 2207 1066 2249 ct
1087 2198 1192 2248 divitem
1210 2196 1335 2256 Tullum3·
1356 2204 1456 2262 uterque
1521 2242 1522 2245 ,

370 2286 419 2321 sue
441 2268 539 2320 honore
560 2270 660 2321 linitur.
707 2269 787 2320 l'entu
813 2279 897 2320 eutem
924 2271 1028 2321 nomina
1052 2268 1124 2320 illoto
1142 2283 1194 2318 oon
1213 2275 1273 2318 sunt
1291 2265 1458 2317 consotmom

371 2338 540 2403 condicionis,
561 2341 608 2391 sed
626 2339 822 2406 amplificandae
841 2342 917 2392 sertis
936 2340 1065 2391 humanae
1086 2341 1176 2407 gratim
1195 2338 1230 2389 ci.
1250 2337 1333 2403 Epist.
1346 2335 1456 2402 ‘l,6‚2'l.

369 2440 402 2452 -
422 2412 477 2477 quio
497 2412 546 2462 scit
564 2414 612 2482 an]
638 2411 706 2462 liare
726 2411 793 2479 epod
814 2427 909 2462 aureae
927 2412 1021 2462 astutis
1039 2413 1178 2477 scriptores
1199 2425 1235 2468 an
1252 2416 1317 2475 pert
1335 2411 1376 2460 sie
1393 2406 1456 2473 legi-

370 2489 412 2532 tur
428 2482 454 2531 in
473 2480 584 2547 simplici
604 2484 721 2533 erutione
740 2482 864 2549 oblique3
883 2498 963 2549 seepe
981 2481 1049 2548 apud
1069 2483 1215 2532 inferiores.
1235 2477 1407 2545 videZumpt.
1424 2492 1457 2545 gr.

371 2551 416 2602 let.
435 2553 462 2615 δ.
482 2552 544 2604 353.
581 2552 707 2604 Diversus
729 2563 769 2604 est
790 2552 863 2603 locus
882 2553 942 2604 lior.
962 2552 1045 2603 Germ.
1067 2551 1098 2613 ll,
1117 2554 1143 2615 4,
1164 2553 1202 2602 13.
1225 2580 1257 2591 -
1285 2554 1408 2618 memmae]
1427 2545 1457 2597 cf.

372 2622 456 2673 Cerni.
475 2623 496 2685 l,
514 2620 541 2685 4,
563 2623 603 2674 15.
641 2623 747 2691 Exque
769 2623 829 2674 loce
849 2630 969 2674 nument
988 2623 1039 2673 ulio
1059 2621 1242 2673 nonnullorum
1255 2621 1373 2671 codicum
1387 2619 1459 2670 lectio

370 2694 458 2755 citae,
483 2693 552 2761 qued
569 2693 724 2745 uocabulum
743 2694 929 2762 interpretandi
946 2709 1023 2745 censs
1041 2695 1066 2743 in
1086 2694 1203 2761 margine
1222 2692 1379 2758 adscriptum
1401 2704 1459 2741 scn-
1521 2736 1522 2739 ,

370 2765 419 2815 sim
438 2772 570 2829 receptum
591 2772 638 2815 est.
660 2797 693 2805 -
713 2768 811 2836 animo]
835 2765 916 2817 Simili
934 2766 1035 2815 tutione
1054 2764 1145 2815 dicitur
1163 2764 1248 2815 animo
1265 2762 1387 2829 obsequi,
1407 2760 1459 2810 eni-

371 2849 528 2884 memorem
547 2850 655 2901 gerere3
676 2837 776 2886 enimus
795 2837 862 2887 enim
881 2838 1011 2903 appetitus
1030 2841 1077 2885 est.
1107 2867 1138 2877 -
1168 2835 1280 2903 dederis]
1302 2832 1406 2898 Zumpt.
1424 2846 1459 2897 gt.

368 2904 413 2955 let.
432 2906 459 2968 ς,
484 2904 541 2957 165.
570 2938 595 2947 -
630 2904 1084 2975 Minos10t.tt0m.0d.xl,567.
1121 2937 1155 2946 -
1189 2904 1324 2973 splendida
1342 2903 1460 2970 artioris]

369 2990 421 3026 nen
442 2975 593 3040 honorilice,
611 2977 656 3026 sed
676 2986 786 3044 arrgmsto
798 2993 846 3044 pre
865 2979 1002 3028 -meiestnte
1018 2976 1113 3026 indicis
1133 2984 1159 3027 et
1177 2974 1461 3041 tribunalis-penso}

367 3045 438 3098 ttttit
460 3055 547 3112 potest
567 3062 582 3096 a
599 3055 682 3097 morte
700 3047 842 3099 defendere
862 3048 985 3099 mortales
1007 3046 1143 3109 homines,
1171 3062 1258 3112 neque
1275 3060 1341 3096 sune
1359 3047 1464 3095 virtutes

372 3122 477 3183 (genus,
495 3116 625 3179 facundie,
645 3120 742 3186 pietus]
760 3134 847 3186 neque
866 3133 934 3185 quse
951 3121 1074 3169 maximos
1087 3115 1343 3167 etiemdillleultutes
1362 3118 1464 3165 vincere

370 3194 489 3253 possunt,
508 3201 581 3237 umor
599 3195 625 3237 et
644 3190 755 3243 amicitie
775 3189 879 3257 (Dione,
897 3189 1034 3253 Theseus).
1046 3219 1081 3231 -
1099 3189 1200 3256 Diana]
1222 3187 1260 3238 De
1280 3186 1428 3253 llippolpto
1442 3190 1466 3233 et

369 3256 454 3307 Diana
472 3255 533 3323 lege
551 3256 646 3323 virgil.
660 3260 726 3310 Aen.
746 3260 801 3324 Vll,
823 3259 874 3311 765
883 3276 939 3327 sqq.
958 3259 1032 3312 Ovid.
1055 3259 1113 3310 ldet.
1132 3257 1357 3325 XV,l9lsqq.‚„u
1379 3254 1466 3324 quitus

371 3335 457 3377 tomen
467 3327 585 3378 Horatius
597 3329 631 3377 ito
642 3329 749 3392 recedit,
770 3339 799 3382 ut
817 3330 857 3391 illi
870 3330 1037 3397 Hippolytum
1058 3332 1082 3379 in
1100 3330 1177 3380 ritum
1187 3336 1341 3379 reuocatum
1361 3327 1466 3383 tradent,

372 3397 416 3448 hic
434 3397 498 3448 nihil
520 3398 636 3451 voluisse
655 3414 768 3452 umorem
789 3400 854 3451 dene
875 3402 994 3451 el'lirmet.
1016 3401 1114 3451 llienee
1133 3400 1245 3451 neminis
1263 3396 1468 3465 antepenultima

356 3466 450 3529 'mode
472 3468 622 3536 producitur
640 3471 716 3521 medo
736 3472 873 3537 corripitur
893 3472 1123 3522 nenecessitatem
1141 3471 1282 3533 eretricum.
1328 3469 1366 3519 cf.
1388 3468 1467 3520 Carn-

374 3538 534 3603 lt,12,20.
571 3539 599 3593 C.
623 3541 647 3592 S.
669 3545 691 3593 1.
714 3542 756 3594 70.
792 3543 823 3592 Α.
843 3542 869 3593 Ρ.
893 3542 935 3594 15.
953 3542 1012 3594 454.
1057 3542 1096 3593 Ile
1114 3538 1310 3592 Plritlronulde
1331 3539 1367 3590 ud
1388 3539 1467 3590 Cum.

373 3609 420 3671 lll,
440 3609 465 3672 4,
485 3608 527 3665 79.
576 3611 655 3662 Cuius
674 3612 778 3679 quidem
796 3612 909 3664 fabulam
928 3613 1046 3664 llorntius
1069 3611 1111 3662 vel
1128 3619 1250 3663 mututnm
1268 3609 1353 3675 poulo
1371 3608 1470 3675 uetepil

372 3678 416 3731 vel
437 3682 494 3746 ipse
518 3684 634 3733 mutavit.
664 3681 751 3749 Vulgo
767 3685 836 3734 enim
857 3684 971 3735 Tlrcscus
992 3681 1068 3742 simnl
1090 3699 1148 3733 cnm
1166 3683 1250 3735 emico
1272 3689 1299 3731 et
1317 3682 1354 3733 ud
1378 3681 1470 3733 inlesos

372 3750 542 3803 descendisse
563 3760 590 3803 et
607 3751 639 3803 ub
658 3753 725 3805 Orco
745 3762 862 3806 retentus
882 3770 941 3805 esse
951 3753 1070 3815 truditur,
1090 3754 1134 3821 qui
1155 3768 1213 3803 cum
1232 3760 1325 3819 posteo
1350 3753 1386 3805 ab
1407 3750 1469 3804 tter-
1521 3758 1522 3761 ’

375 3821 434 3873 cule
453 3820 577 3879 liberatus
596 3833 666 3874 esset
685 3824 827 3876 Pirithoum
851 3833 935 3876 tenren
955 3840 1043 3876 secum
1065 3824 1161 3875 ducere
1181 3838 1232 3874 neo
1251 3826 1342 3890 potuit
1400 3819 1471 3888 Apud

372 3892 506 3944 Horatium
524 3893 653 3947 Pirithous
671 3895 741 3948 selus
762 3896 865 3947 videtur
885 3895 1062 3958 descendisse,
1082 3896 1126 3963 qni
1147 3910 1206 3945 cum
1226 3902 1320 3959 ceptus
1344 3897 1472 3947 retinere·

264 4009 268 4013 .
373 3971 426 4027 tur,
442 3979 477 4029 oe
494 3978 510 4014 s
529 3965 630 4017 Theseo
649 3965 761 4032 quidem,
779 3982 856 4034 quem
876 3966 989 4019 amicitia
1005 3967 1082 4030 misit,
1102 3964 1225 4016 liberatos
1244 3973 1291 4016 est

817 4235 1018 4245 --—-..-—-
