3117 5042
436 336 599 408 bilant
644 338 793 404 ceant.
816 342 868 406 Ν.

323 518 392 582 Vim
414 469 616 599 temperatam
634 517 665 610 dl
687 537 805 602 quoque
826 518 998 602 provehunt
1106 587 1107 590 ,

361 627 397 688 ln
418 626 538 702 maius,
564 624 643 689 idem
663 625 760 688 odere
781 625 864 690 vires

401 734 497 797 omne
519 734 608 797 nelos
623 733 725 797 animo
745 741 912 799 monentes.

318 883 423 946 ‘l'estis
445 901 580 968 mearum
603 884 792 949 centimanus
812 883 899 963 Gyas

260 1010 289 1053 eo
313 991 550 1068 Sententiarum,
574 973 665 1055 nolus
687 1000 720 1055 et
741 993 884 1077 integrae

300 1164 303 1169 ,
363 1100 517 1162 ‘l'cntator
538 1099 635 1161 Grion
657 1100 776 1163 Dianae

402 1206 551 1286 Virginea
574 1206 706 1286 domitus
727 1208 856 1289 sagitta.

317 1353 433 1418 luiecta
454 1356 600 1417 monstris
619 1356 722 1418 Terra
743 1355 828 1417 dolet
848 1355 912 1418 suis

318 1463 500 1545 maeretque
521 1468 629 1544 partus
649 1463 776 1528 fulmine
796 1462 930 1527 luridum

268 1588 297 1632 os
356 1570 469 1633 blissos
490 1570 529 1634 ad
554 1571 682 1634 ormo:
704 1587 761 1633 uec
781 1560 924 1654 peredit‘

399 1679 573 1761 Inpositam
596 1679 680 1742 celer
702 1678 786 1762 ignis
806 1680 959 1756 Aetnam,

316 1837 538 1901 incontinentis
558 1815 616 1902 nec
634 1837 720 1914 Tityi
743 1837 829 1902 iecur

316 1944 453 2026 Reliquit
473 1945 540 2006 ales
559 1944 715 2036 nequitiae
735 1945 858 2015 additus

359 2051 492 2138 Custos3¹
513 2059 682 2116 amatorem
704 2059 861 2117 trecentae

273 2178 303 2220 so
333 2247 337 2254 ‚
407 2159 574 2224 Pirithoum
596 2160 738 2224 cohibent
760 2171 898 2225 catenae.

115 2328 169 2393 ruo]
195 2324 259 2391 quia
280 2324 359 2375 nimia
377 2331 416 2377 est
434 2331 462 2378 et
481 2321 584 2386 modum
601 2331 700 2377 rectum
719 2326 868 2392 egreditur,
896 2325 918 2377 si
939 2341 990 2378 non
1009 2333 1050 2377 est
1066 2332 1208 2391 temperata

114 2394 230 2446 consilio.
253 2428 291 2438 -
314 2395 401 2467 Testis]
420 2394 534 2447 fuerunt
552 2396 645 2465 quibus
662 2403 716 2446 tota
736 2396 801 2448 haec
821 2397 928 2462 stropha
948 2398 1037 2463 spuria
1060 2397 1210 2458 videretur3

115 2463 288 2528 centimanum
310 2464 390 2531 Gyam
418 2481 451 2517 ex
478 2465 553 2519 Garnn
581 2465 731 2531 lt,17,14
756 2466 825 2518 male
849 2468 1004 2534 repetitum,
1031 2469 1114 2535 ipsam
1138 2467 1210 2532 Gyae

114 2539 270 2587 mentionem
289 2545 347 2602 post
370 2536 515 2589 absolutam
532 2536 669 2604 Gigantum
686 2551 800 2604 pugnam
820 2537 955 2588 molestam
982 2546 1009 2588 et
1026 2540 1208 2604 importunam,

114 2610 303 2659 sententiarum
319 2607 475 2659 vocabulum
494 2623 570 2674 prosa
589 2608 672 2675 magis
691 2623 768 2675 quum
778 2609 884 2674 'poetica
894 2608 1011 2659 oratione
1026 2609 1132 2676 dignum
1150 2623 1209 2659 csse

114 2678 220 2731 aiebant.
259 2676 300 2728 Ex
320 2677 414 2746 quibus
434 2680 519 2730 causis
543 2693 619 2746 quam
641 2677 773 2729 imbecilla
792 2681 873 2745 prima
892 2681 926 2729 sit
953 2681 999 2729 vix
1020 2677 1146 2747 estquod
1167 2678 1210 2728 di-

114 2756 201 2811 eatnr3
229 2748 314 2800 altera
334 2748 392 2802 talis
415 2757 455 2801 est
474 2757 503 2800 ul
521 2765 573 2799 non
593 2748 682 2800 videas
703 2764 753 2816 quo
773 2752 829 2800 iure
848 2766 862 2800 a
881 2749 1000 2817 prudenti
1018 2750 1105 2802 iudice
1123 2749 1208 2801 afferri

114 2822 230 2885 potuerit
271 2817 379 2870 Scilicet
398 2822 482 2872 eiecta
501 2818 549 2870 bac
569 2819 675 2886 stropha
692 2835 750 2871 cum
769 2835 838 2884 nova
856 2820 993 2887 Gigantum
1020 2835 1208 2872 commemora-

113 2892 179 2941 tione
197 2905 289 2944 nonne
306 2892 333 2940 in
353 2890 460 2952 eandem
480 2890 579 2941 cladem
599 2889 737 2941 retrahitur
754 2891 879 2959 quidquid
897 2907 979 2958 usque
998 2890 1031 2941 ad
1051 2892 1128 2943 finem
1147 2906 1206 2941 car-

114 2961 184 3012 minis
203 2960 383 3027 relinquitur?
425 2960 515 3014 Subita
532 2960 651 3028 prolecto
675 2963 702 3013 vi
718 2975 744 3011 v.
763 2962 798 3015 73
826 2962 945 3016 lloratiue
970 2971 1086 3013 monstra
1113 2962 1208 3012 Terrae

114 3031 217 3083 iulerret
236 3040 300 3099 post
320 3047 345 3081 v.
364 3030 432 3098 68...
449 3032 540 3100 licque
562 3031 587 3082 id
608 3027 678 3099 quod
696 3032 788 3082 volunt
805 3040 977 3099 assequentur
994 3032 1135 3083 adversarii
1157 3030 1209 3082 ho-

114 3117 165 3153 rum
183 3115 324 3164 rersuum3
345 3118 404 3154 nam
424 3119 511 3154 nonne
528 3109 608 3154 restat
621 3104 647 3153 in
658 3101 765 3171 reliquie
779 3103 892 3172 strophis
911 3107 995 3155 invisa
1008 3106 1058 3155 iata
1070 3103 1208 3171 Gigantum

116 3172 349 3226 commemoratio?
384 3172 448 3226 Turn
473 3175 516 3242 qui
544 3171 670 3239 pluralem
689 3177 876 3227 sententiarum
901 3190 1065 3241 concoquere
1086 3190 1138 3227 non
1157 3189 1208 3240 po-

114 3249 212 3295 tuerunt
230 3260 364 3312 unamque
384 3253 481 3296 tantum
498 3247 652 3295 sententiam
672 3248 831 3311 propositam
849 3246 999 3309 clamarunt,
1017 3247 1095 3297 iidem
1113 3248 1139 3296 in
1150 3243 1208 3296 aliis

115 3314 257 3380 pluralibus
278 3317 361 3366 minus
378 3314 495 3381 religiosi
517 3315 583 3365 bene
602 3315 786 3367 intellexerunt
805 3319 865 3385 quid
878 3319 1055 3385 gravitatisita
1074 3325 1208 3385 poetarum

114 3385 196 3438 verbio
215 3386 365 3438 accederet.
402 3385 508 3438 Addidit
525 3386 628 3453 aliquis,
651 3387 823 3439 miredictum
837 3398 986 3452 escuncias,
1006 3391 1126 3456 oirqinec
1146 3393 1208 3456 (pre

115 3457 234 3527 rupinis)
255 3457 414 3510 adiectivum
431 3455 608 3508 imbellicitate
628 3460 718 3523 premi.
755 3460 790 3510 At
807 3474 870 3510 vero
882 3459 961 3511 Orion
973 3460 1113 3525 proptccirl
1125 3461 1208 3523 ipsum

114 3530 220 3579 manime
238 3537 319 3580 notus
340 3527 397 3590 luit,
416 3528 486 3594 quod
506 3527 614 3580 Dianam
634 3530 751 3590 tentavit,
767 3529 837 3579 unde
856 3532 963 3596 egregie
982 3538 1095 3580 tentator
1114 3526 1208 3593 appel-

116 3596 193 3662 laun
214 3599 314 3651 deinde
334 3614 380 3650 eur
397 3599 517 3665 oirqinen
536 3600 619 3649 minus
639 3598 798 3663 probandum
818 3602 852 3650 sit
872 3616 947 3667 quarn
966 3600 1049 3650 Germ.
1068 3597 1113 3661 Ill,
1133 3598 1158 3660 3,
1175 3596 1210 3647 28

114 3668 247 3722 Hectoreis
268 3669 328 3731 alia,
348 3668 457 3720 dillicile
476 3669 565 3720 estad
585 3668 793 3735 intelligendum
823 3671 938 3737 Propera
957 3669 991 3733 ll,
1014 3672 1037 3734 1,
1050 3668 1098 3721 67:
1117 3665 1209 3734 ,llolia

113 3740 236 3805 virgineis
257 3739 428 3809 (Danaidum)
447 3737 515 3790 idem
532 3738 579 3790 illo
597 3740 739 3806 repleverit
757 3743 852 3790 urnls¹⁴
870 3771 905 3783 .-
927 3741 1017 3809 Terra]
1039 3743 1114 3802 Γαῖα,
1130 3745 1211 3790 mater

114 3809 260 3878 Gigantum.
276 3844 313 3854 -
329 3810 452 3880 bridam]
472 3810 522 3874 Qut
536 3810 609 3861 color
623 3811 793 3878 signillcetnr,
813 3810 914 3861 violabis
933 3826 965 3861 ex
983 3810 1127 3861 coniunctis
1145 3806 1211 3858 loeis

115 3878 195 3933 Germ.
216 3882 264 3945 IV,
283 3881 324 3944 13,
336 3881 377 3933 to.
396 3880 479 3948 Epod·
496 3883 536 3945 17,
554 3882 598 3932 22.
618 3912 653 3924 -
672 3883 750 3949 iqniel
771 3881 810 3932 Ne
830 3884 914 3934 victus
934 3881 1038 3949 quidem
1056 3881 1209 3944 Aetnaeque

115 3952 246 4004 subiectus
267 3952 400 4019 Tiphoeus
416 3966 533 4019 pugnare
550 3952 663 4014 desinit3
683 3955 770 4022 ignom
789 3954 894 4015 evomit,
913 3952 959 4003 sed
978 3965 1012 4001 uo
1033 3952 1089 4002 cius
1106 3948 1210 4017 quidem

115 4023 248 4076 eeleritate
267 4022 408 4091 quidquam
426 4022 530 4074 elhciet.
552 4055 586 4066 -
607 4023 680 4093 lupo]
701 4023 774 4075 Hono
794 4021 841 4076 oe.
863 4019 1210 4085 x1‚575-sao.-rett-

115 4095 178 4165 quit]
198 4095 228 4146 ln
248 4095 325 4146 bonis
344 4095 422 4145 ctiam
443 4092 516 4145 libris
534 4094 603 4152 uss,
624 4095 754 4161 relinquit.
776 4092 917 4162 Utrumque
938 4092 1030 4143 eodem
1048 4090 1122 4143 redit.
1146 4090 1210 4141 Pcr-

115 4165 208 4217 lectum
229 4174 364 4232 praestare
382 4163 487 4215 videtur
504 4172 611 4231 propter
628 4166 787 4230 praecedens
807 4165 874 4215 idem
894 4172 995 4229 tempus
1010 4164 1119 4232 peredit.
1140 4163 1209 4227 Sup-

115 4234 236 4300 piendum
257 4237 351 4288 adhue.
381 4263 416 4277 -·
431 4235 582 4304 'Pirllbonsb
605 4235 768 4302 Lapitharum
786 4252 831 4285 rex
848 4251 907 4287 cum
926 4233 1025 4286 Theseo
1044 4235 1127 4286 amico
1146 4232 1210 4283 l'ro-

115 4309 294 4373 respiramen
314 4307 384 4360 Orco
403 4320 498 4372 rupere
515 4315 622 4358 conatus
641 4322 657 4357 a
675 4306 785 4357 Plutone
803 4308 872 4357 saxis
888 4304 1011 4372 alligatus
1031 4313 1070 4355 est
1114 4304 1147 4353 cl.
1166 4301 1212 4364 lv,

116 4374 139 4440 7,
157 4379 241 4446 2lsq.
261 4409 296 4420 -
316 4380 459 4448 trecentae]
480 4374 636 4446 permultam
655 4379 728 4428 utin
748 4393 826 4444 prosa
845 4378 971 4429 sexcenti.
999 4376 1033 4428 cl.
1054 4374 1087 4437 ll,
1109 4375 1150 4437 ll,
1166 4373 1192 4425 a.

582 4502 757 4519 —-—-
