3117 5042
398 442 493 509 titt.
518 442 572 507 ΙΙΙ.
614 442 765 508 cdliii.
787 443 870 511 ΧΙΙΙ.
1121 432 1185 510 1923

291 624 413 699 (punto
436 620 566 704 quisquc
587 618 647 685 sibi
666 620 757 703 plura
776 622 957 703 negaverit,

296 728 345 792 Ab
366 728 415 792 dis
436 728 529 810 plura
549 729 650 791 icrct:
669 728 716 791 nri
739 729 925 810 cupientium

296 835 401 900 Nudas
421 842 528 899 cosma
547 840 620 917 pato
642 839 675 896 et
691 837 859 919 transmga
878 836 1005 902 divitum

379 942 492 1007 Partes
510 942 653 1029 linquere
674 942 795 1026 gestio,

244 1124 276 1171 ao
295 1106 496 1191 contemptae
515 1106 655 1172 dominus
676 1108 870 1191 splendidior
889 1112 937 1174 rci

299 1218 398 1292 Quam
419 1214 448 1278 si
469 1214 614 1299 quidquid
635 1221 708 1281 arat
729 1216 860 1300 tnptger
883 1218 1001 1301 Apulus

303 1322 467 1386 domitare
484 1323 562 1386 nucis
581 1322 702 1387 dicerer
724 1323 846 1387 borrcis

329 1440 334 1449 '
387 1430 523 1515 Manus
543 1431 627 1495 intcr
645 1448 721 1513 opes
743 1431 843 1513 inops

305 1593 405 1659 Purac
425 1594 512 1659 muns
533 1614 634 1679 aquae
652 1595 795 1680 ariraquc
812 1595 952 1680 iugerum

253 1718 285 1764 no
303 1702 472 1767 Paucorum
492 1709 525 1766 ct
545 1706 662 1786 segetis
682 1710 770 1768 certa
788 1705 865 1767 tides
885 1723 972 1769 meac

303 1809 485 1893 turgentem
503 1810 632 1895 inperio
661 1811 775 1876 fertilis
796 1813 923 1879 Africae

389 1916 486 1983 ruttt
505 1924 593 1982 sorte
614 1919 745 1984 beatior.

310 2094 500 2176 Quanquam
520 2110 579 2158 nec
599 2092 757 2160 Calabrae
775 2092 873 2160 nella
895 2093 998 2158 icrunt
1019 2111 1105 2177 apes,

196 2293 229 2348 V.
247 2292 292 2350 21.
314 2295 404 2369 plerc]
426 2299 560 2353 Sententia
578 2297 673 2368 plana:
692 2294 805 2354 summas
824 2314 884 2354 esso
904 2300 932 2352 in
951 2298 1110 2353 continentia
1126 2298 1207 2351 ani-l

109 2364 222 2418 divitias.
266 2367 318 2420 Sed
345 2368 407 2421 ride
435 2371 599 2423 artificiosam
621 2371 701 2439 pluro
725 2370 847 2423 vocabuli
873 2371 1046 2438 positionem,
1076 2369 1116 2421 bia
1136 2372 1207 2422 arsia
1285 2404 1289 2411 -

111 2438 252 2488 choriambi
274 2441 387 2490 tenentis
405 2442 567 2509 maximeque
585 2443 698 2494 animum
716 2444 857 2510 tangentis.
881 2473 914 2487 -
933 2442 1017 2493 sudas
1035 2442 1133 2513 caetra}
1152 2439 1207 2492 Ga·

112 2516 225 2560 strorum
248 2508 335 2576 imago
362 2525 412 2561 nnn
430 2526 488 2563 rara
505 2511 539 2562 dc
559 2514 638 2563 sectis
658 2512 889 2579 pbilosophorum
916 2513 960 2563 cui
988 2512 1095 2579 imagini
1122 2511 1206 2564 sudas

111 2592 168 2630 voc.
185 2579 256 2630 bcne
277 2579 497 2633 accommodatum
515 2589 572 2645 cst;
601 2584 698 2651 quippo
725 2582 790 2634 nibil
811 2597 1007 2645 scamnorum,
1034 2582 1053 2637 i.
1073 2597 1098 2632 c.
1116 2580 1209 2632 artium

113 2649 207 2718 quibus
228 2659 352 2716 parentur
368 2667 450 2718 opes,
477 2669 565 2704 secum
595 2670 625 2704 sc
645 2654 715 2706 ferro
734 2657 778 2706 ait
814 2653 898 2704 Etiam
920 2655 946 2704 iu
963 2650 1166 2718 amplificatione
1184 2660 1210 2704 ct

113 2723 254 2789 ummo
271 2723 351 2788 qestio
369 2722 519 2789 metaphora
538 2725 710 2782 continuatur.
731 2757 763 2769 -
783 2722 953 2794 splendidior]
974 2723 1060 2790 Saepe
1077 2724 1117 2775 sic
1135 2723 1210 2774 adio-

112 2792 209 2842 etirnm
226 2806 242 2840 a
260 2790 385 2843 {iomanis
404 2796 540 2861 participio
558 2795 632 2846 verbi
649 2813 703 2847 csse
725 2794 872 2847 carentibus
893 2794 1022 2861 participii
1042 2796 1123 2845 instar
1131 2808 1210 2846 usur·

114 2870 196 2928 patur.
236 2860 327 2913 Graeci
347 2862 444 2915 addunt
459 2864 508 2919 ω’ν.
536 2894 571 2906 -
599 2874 756 2935 contemptae
797 2868 916 2917 nimirum
935 2864 967 2915 ab
988 2863 1055 2916 aliis.
1075 2893 1110 2905 -
1136 2869 1208 2934 orat]

114 2931 246 2985 Cacsurao
265 2934 293 2983 vi
311 2933 461 2999 producitur
481 2932 571 2986 ultima
588 2935 688 3002 syllaba
709 2946 738 2988 ut
768 2936 801 2999 tt,
819 2936 863 3000 24,
879 2937 912 2997 53
930 2933 1000 3004 quod
1018 2935 1063 3002 qui
1081 2948 1134 2985 uon
1151 2936 1211 2986 ani-

113 3003 321 3066 adverterent,
347 3013 476 3057 mutarunt
502 3009 612 3074 impipcr
637 3009 663 3057 in
684 3024 739 3057 noo
761 3009 844 3075 piper.
893 3004 928 3057 ol.
955 3003 1038 3071 ttpou.
1059 3005 1087 3068 2,
1103 3002 1148 3057 42.
1176 3034 1212 3046 -

114 3073 182 3125 ister
200 3090 263 3142 opes
281 3074 369 3143 inops]
401 3075 542 3143 Splendida
566 3077 631 3128 baec
659 3080 788 3130 sententia
816 3092 850 3128 no
879 3075 940 3143 quid
960 3077 1060 3127 amittat
1076 3076 1212 3142 gravitatis

114 3146 189 3196 anias
208 3158 302 3195 versus
322 3147 433 3212 spatium
453 3162 506 3199 non
529 3149 671 3215 egreditur.
716 3146 813 3200 Similia
839 3146 977 3198 vorborum
1004 3148 1135 3214 oppositio
1153 3145 1212 3198 ire·

115 3215 305 3285 rumonim,
322 3223 353 3266 ut
370 3215 425 3269 (lic.
445 3216 521 3269 Tusc.
541 3217 588 3282 ΙΙΙ,
609 3217 651 3282 19,
669 3217 713 3270 tt.
732 3250 766 3263 -
785 3219 897 3288 borrciq
919 3216 955 3274 cl.
974 3216 1058 3271 curm.
1075 3217 1097 3283 Ι,
1118 3220 1143 3284 l,
1159 3216 1186 3271 9.

185 3309 277 3364 wil
297 3319 372 3364 certa
383 3312 457 3385 fider]
478 3312 534 3364 lino
552 3328 604 3364 non
622 3314 658 3364 ita
674 3312 747 3377 dixit,
764 3321 886 3382 tanquam
902 3312 943 3365 sni
962 3312 1018 3381 agri
1029 3328 1133 3381 sempor
1143 3320 1214 3365 certa

115 3388 187 3433 uret
206 3380 289 3445 tides,
315 3396 406 3434 rerunt
427 3385 496 3435 inest
514 3383 680 3450 hypothetica
701 3385 788 3451 potius
805 3387 949 3437 sententiat
978 3384 1016 3450 ,si
1038 3384 1140 3452 agellus
1159 3398 1214 3435 non

117 3452 244 3518 premitur
261 3451 424 3508 sterilitate!
444 3455 566 3506 Ceterum
587 3454 620 3505 ci.
639 3452 723 3506 Carnu
735 3454 786 3517 ΙΙΙ,
807 3457 831 3519 1,
848 3455 891 3507 30.
927 3452 1038 3521 Reliqua
1059 3469 1119 3520 pars
1138 3454 1215 3504 buius

117 3522 243 3589 strophae
263 3520 396 3573 difficilior
414 3524 471 3574 visa
489 3526 576 3576 multis
595 3539 627 3575 nc
644 3525 722 3576 variis
742 3523 998 3591 interpretationibus
1018 3523 1068 3573 init
1093 3522 1215 3576 obnoxia.

116 3592 317 3660 simplicissima
335 3600 421 3645 tamen
438 3596 579 3649 verissima.
617 3595 681 3647 Sors
700 3596 769 3645 enim
788 3608 820 3645 os
837 3602 893 3657 ost,
917 3608 994 3661 qnam
1016 3592 1117 3644 modica
1136 3592 1215 3658 bona,

117 3662 206 3730 qualia
226 3662 384 3716 modosunt
400 3663 539 3732 descripta,
560 3664 647 3717 solent
663 3664 809 3730 praebero;
830 3665 904 3716 caius
921 3662 1025 3731 quidem
1041 3663 1214 3729 significatio·

118 3734 158 3785 nis
176 3730 249 3800 apud
269 3732 402 3785 Horatium
423 3734 520 3803 ubique
537 3735 617 3789 obuia
635 3743 697 3788 sunt
715 3734 844 3801 exempla.
879 3732 971 3801 licque
989 3732 1107 3797 altarum,
1125 3734 1215 3801 inquo
1293 3754 1296 3762 ·

119 3802 276 3866 bambant,
293 3804 410 3856 insolens
429 3815 484 3857 est:
510 3806 580 3875 saun
600 3806 700 3859 brutior
717 3805 875 3873 [aipcntmr
902 3803 997 3871 sollcrs
1020 3804 1089 3854 onim
1107 3804 1216 3857 uerbum

119 3890 177 3926 cnm
195 3875 339 3942 participio
353 3890 405 3928 non
424 3877 509 3930 minus
526 3886 598 3929 recto
615 3877 738 3944 couitmgi
756 3890 833 3944 quam
871 3872 1153 3938 oeconomorum,
1170 3873 1216 3924 Ιο-

119 3960 165 3997 cas
184 3953 228 3996 cst
245 3944 401 3999 Horatianus
420 3949 465 4014 qui
484 3947 616 4001 ostendat:
634 3948 718 4016 Epist
738 3945 759 4011 Ι,
781 3946 823 4011 17,
837 3891 885 4007 ti;
907 3944 1036 4012 participii
1057 3951 1142 3996 anteat
1155 3943 1217 3995 loon

119 4014 223 4068 tutior
243 4023 303 4081 est,
327 4026 451 4084 utsupra
467 4019 626 4088 splendidior
636 4037 646 4084 ς
665 4019 841 4070 accusativum
860 4014 955 4067 deindo
972 4015 1005 4065 ab
1020 4013 1116 4066 codem
1134 4014 1218 4068 verbo

120 4101 186 4209 cuna:⁸
201 4087 342 4211 aarum&
360 4090 575 4213 3ct513inunto¹uon
599 4083 1220 4225 cssodzllffuummvtiffiilitintasuolqttutronaoedzmonoi

231 4172 275 4208 cu.
340 4195 349 4224 ‚
421 4176 461 4228 sq.
511 4176 553 4212 am
571 4175 661 4212 cuma
725 4176 775 4211 erus
912 4174 919 4208 t
1149 4174 1184 4226 qu

49 4252 50 4255 =
122 4226 205 4290 beetf
222 4228 318 4280 ielicea
336 4229 426 4281 reddat
446 4231 564 4282 luornines
584 4230 631 4299 (oi.
649 4230 732 4298 Epist.
750 4230 771 4294 Ι,
794 4228 835 4294 10,
856 4229 897 4280 14.
925 4226 1009 4279 Garun.
1028 4227 1050 4292 Ι,
1069 4228 1113 4293 29,
1134 4231 1157 4280 1.
1186 4227 1221 4292 ΙΙ,

50 4338 51 4343 ,
122 4297 235 4367 Ml),
260 4298 329 4351 hanc
355 4299 464 4353 habebis
491 4303 664 4355 sententiam:
690 4299 814 4367 „agellus
831 4315 904 4351 mous
923 4305 994 4350 sorte
1012 4311 1089 4366 qurum
1114 4298 1222 4366 praebet

123 4366 270 4421 beatiorem
288 4386 330 4422 me
350 4371 454 4436 reddit,
480 4387 557 4440 qaam
574 4387 668 4438 capere
686 4372 813 4439 potestis
832 4372 876 4438 qui
897 4370 1008 4421 maxima
1025 4368 1105 4420 habnt
1121 4378 1149 4421 ct
1166 4368 1223 4420 lor-

51 4432 53 4517 ]
125 4438 247 4493 tilissirna
264 4439 433 4506 latifundium
454 4445 481 4495 in
501 4458 554 4512 qun
571 4442 631 4511 quid
652 4444 686 4494 sit
704 4441 900 4508 vituperandum
916 4454 968 4491 nou
985 4439 1072 4493 rideo.

183 4535 273 4590 Η).
292 4537 437 4608 Calabrae}
458 4538 497 4589 lic
514 4539 671 4607 praestantia
687 4534 791 4591 Calabri
810 4534 895 4589 tuellis
914 4534 976 4588 rtdo
994 4533 1077 4587 Garun
1099 4531 1171 4601 ll,d‚
1183 4531 1224 4586 tt.
1296 4550 1300 4557 ·

173 4633 282 4677 ttonttm
297 4635 331 4678 et.
347 4636 507 4688 ntuentumr.
979 4639 1024 4708 13
