3117 5042
350 438 518 501 bruun.
561 439 710 505 osum.
736 442 819 506 Xlll.
842 444 925 510 xlv.
1113 456 1178 515 289

484 652 670 727 Carmen
696 656 780 728 xlv.

283 816 388 880 biollis
410 818 524 881 inertia
544 837 599 881 eur
621 826 739 885 natan
759 821 914 887 diliuierit
936 825 1005 890 inis

369 924 561 991 Oblivionem
583 926 742 1006 sensibus,
847 960 851 967 ·
1040 937 1045 945 “

285 1032 399 1095 Pocula
419 1031 572 1096 Lethaeos
592 1040 627 1095 ut
646 1034 673 1095 si
696 1034 839 1098 dueonu'e
856 1055 980 1111 somnos

277 1124 296 1150 ³
370 1139 487 1202 brente
510 1143 600 1204 fauce
623 1142 794 1220 traxerim,

254 1265 269 1306 s
291 1246 429 1310 cratiae
450 1248 635 1326 Maecenas,
657 1249 770 1312 occidis
791 1266 885 1332 saepe
908 1253 1070 1332 rogando:

363 1356 464 1433 Deus,
486 1356 561 1418 deus
585 1376 654 1420 nam
677 1376 726 1419 me
750 1364 835 1420 vetat
1114 1441 1116 1447 ,

284 1463 443 1544 inceptos,
466 1464 539 1528 olim
560 1465 742 1545 promissum
767 1483 912 1545 carmen,
934 1465 1051 1530 iambos

370 1572 427 1659 rid⁴
440 1571 613 1635 umbilicum
633 1562 797 1647 aiiincere.

282 1680 351 1755 lien
372 1678 466 1741 aliter
486 1679 593 1742 Samio
613 1678 718 1741 dieunt
738 1680 855 1742 arsisse
878 1679 1024 1757 liatbyllo

228 1804 258 1847 ιο
366 1786 565 1849 Anacreonta
584 1757 711 1864 Teium',

514 1998 661 2051 Carmen
681 2000 750 2052 XlV.

152 2111 231 2162 Simili
254 2111 355 2162 ratione
376 2126 428 2178 qua
446 2109 529 2177 lipod.
551 2113 582 2162 11
601 2111 722 2163 Horatius
740 2111 810 2180 quod
829 2112 983 2165 carminibus
1002 2114 1174 2167 eonscriben·

92 2176 126 2228 iis
141 2179 256 2232 limandis
278 2182 437 2249 edendisqne
456 2198 562 2249 operam
581 2182 642 2233 dare
661 2199 713 2235 non
731 2185 823 2250 possit,
842 2199 922 2236 saeva
942 2186 1036 2236 amoris
1046 2194 1174 2251 potestate

91 2248 150 2301 elici
170 2254 314 2304 Maecenati
335 2255 418 2304 amico
437 2253 546 2304 candido
566 2255 651 2303 animo
670 2254 813 2320 profitetur.
848 2252 877 2305 ln
897 2270 947 2322 qua
966 2270 995 2305 re
1012 2272 1071 2307 suas
1091 2259 1172 2307 ratio-

90 2333 130 2371 nes
145 2332 276 2390 conparat
291 2339 350 2375 euna
368 2326 533 2376 Anacreonte
551 2324 622 2388 Teio,
643 2327 687 2392 qui
708 2326 769 2392 quid
789 2328 898 2377 sentiret
914 2327 1008 2377 amoris
1028 2328 1053 2376 vi
1068 2336 1173 2378 coaetus

90 2404 159 2458 saepe
175 2396 202 2444 iu
219 2394 378 2446 carminibus
398 2395 558 2461 deposuerit,
575 2395 693 2445 nimirum
712 2404 741 2446 ut
755 2398 868 2446 animum
891 2399 958 2448 curis
977 2405 1110 2463 gravatum
1132 2397 1173 2448 le-

90 2471 167 2528 varet,
195 2468 346 2531 conscripta
374 2465 435 2515 dein
462 2468 575 2516 carmina
595 2467 692 2532 quippe
712 2481 779 2533 quae
800 2464 862 2533 quid
881 2466 1007 2517 deberent
1024 2464 1174 2518 elieeissent

90 2531 176 2586 iteratis
194 2539 266 2589 euris
288 2552 341 2587 non
360 2535 505 2598 limaverit,
537 2535 584 2588 sed
604 2538 701 2587 intacta
717 2537 862 2604 reliquerit.
903 2537 943 2589 En
963 2536 1086 2589 babemus
1107 2554 1171 2588 vere

90 2598 186 2666 lyricum
204 2616 322 2674 poetam,
340 2609 383 2673 qui
402 2623 434 2657 ex
454 2609 543 2657 intimo
565 2615 671 2673 pectore
689 2623 782 2657 sensus
801 2608 894 2671 haurit,
912 2623 1032 2676 quaeque
1050 2610 1107 2675 ipse
1127 2608 1170 2659 vel

89 2686 167 2737 purus
185 2686 226 2728 est
243 2676 290 2729 vel
309 2677 373 2728 vidit
394 2677 436 2728 vel
458 2677 521 2727 lecit
539 2677 693 2728 carminibus
713 2678 807 2744 prodit.
846 2678 898 2729 lam
916 2693 979 2729 vero
997 2694 1065 2746 quae
1084 2679 1170 2732 subito

89 2745 155 2796 animi
170 2748 284 2815 quodem
304 2748 392 2799 lurore
412 2749 558 2814 composita
575 2757 635 2799 sunt
654 2758 682 2798 ut
699 2748 874 2811 elaberentur,
892 2758 920 2800 ut
938 2748 1078 2816 poliantur,
1096 2758 1169 2801 tran-

88 2815 158 2880 quillo
176 2821 265 2870 animo
287 2818 411 2886 nullaque
429 2834 458 2869 re
475 2820 606 2886 exagitato
627 2834 693 2886 opus
723 2827 771 2871 est.
819 2819 848 2871 ln
870 2819 922 2870 fine
944 2822 1066 2871 carminis
1085 2822 1170 2886 ipsum

87 2884 251 2940 &menatem
271 2889 333 2955 quid
351 2888 438 2940 valeat
454 2904 526 2940 arnor
543 2891 640 2941 sentire
664 2891 701 2941 ait
725 2898 820 2957 poeta3
841 2891 902 2941 iam
923 2892 1061 2957 opponitur
1081 2891 1170 2958 puella

88 2957 263 3010 aliaecenate
285 2968 368 3010 amata
387 2958 522 3010 libertinae
541 2961 656 3022 Horatii,
685 2961 753 3011 unde
774 2976 832 3011 eum
849 2963 989 3025 ingenuam
1013 2977 1068 3012 eam
1088 2962 1169 3013 inisse

87 3035 161 3090 pateat
177 3046 230 3081 non
251 3028 322 3081 male
348 3045 407 3081 eum
425 3028 542 3095 plurimis
566 3030 750 3095 interpretibus
775 3031 921 3080 Terentiam
939 3031 1095 3082 Maecenatis
1115 3041 1168 3083 tum

86 3111 193 3161 sponsam
213 3100 349 3166 designari
368 3101 501 3151 coniicias.
539 3099 654 3163 Quodsi
676 3116 766 3152 verum
783 3108 839 3164 est,
866 3099 916 3150 hoe
934 3116 1038 3152 carmen
1061 3118 1113 3153 non
1134 3107 1169 3154 ita

86 3167 154 3220 uultu
171 3181 232 3223 aute
256 3170 352 3222 editam
370 3163 512 3239 συλλογὴν
529 3171 676 3237 Epodorum
694 3173 818 3238 scriptum
836 3173 870 3223 sit
887 3187 997 3224 neeesse
1015 3182 1062 3225 ast.
1108 3203 1112 3209 ·

136 3266 198 3325 ¹iotis
215 3266 344 3337 sanamus]
365 3274 394 3337 ut
416 3266 486 3333 virg.
505 3264 568 3317 Bao
583 3264 610 3330 3,
630 3264 672 3317 54.
708 3297 741 3307 ·-
778 3253 954 3337 obliuionemi'
966 3284 1052 3319 earum
1071 3285 1168 3335 rerum,

84 3344 138 3395 quta
156 3339 321 3402 promiserim
340 3353 382 3387 me
401 3335 536 3387 iacturum.
557 3368 588 3378 -
611 3337 744 3408 ducentia]
762 3345 792 3387 ut
806 3337 890 3390 Germ.
913 3338 959 3403 lli,
980 3339 1023 3404 27,
1042 3339 1095 3402 423
1115 3340 1166 3390 ali-

82 3406 114 3451 ltr
129 3406 196 3475 Virg.
216 3410 286 3459 Aerr.
310 3408 423 3469 lV,560.
443 3438 477 3449 -
498 3408 559 3458 trus
579 3412 651 3476 nam]
673 3408 878 3474 Nampurticula
895 3412 1012 3474 proxime
1029 3411 1166 3461 referenda
1191 3448 1193 3455 .
1243 3448 1248 3462 2

84 3471 109 3521 td
124 3491 147 3526 r.
164 3474 264 3531 οεοίιίἰι
275 3496 284 3543 3
304 3477 368 3529 aicit
388 3480 455 3529 enim
473 3477 541 3529 hoe:
560 3485 588 3528 tn
608 3493 659 3527 non
680 3478 777 3529 desinis
795 3494 837 3529 me
855 3494 997 3546 quaerere,
1020 3489 1047 3530 ut
1066 3496 1165 3548 perpe-

82 3544 337 3615 tuisquaestionibus
357 3552 497 3599 cruciatum
517 3550 691 3611 morentiae,
717 3564 775 3599 narn
797 3550 858 3617 qnid
886 3564 936 3616 ego
958 3549 1028 3600 aliud
1053 3553 1098 3600 tibi
1119 3566 1165 3601 re-

79 3618 209 3677 amodum
228 3623 280 3671 nisi
306 3619 356 3671 boe
381 3636 475 3683 unum,
505 3618 581 3670 deum
603 3633 662 3668 esse
687 3620 730 3685 qui
758 3635 800 3669 me
825 3619 964 3669 absolvero
985 3634 1036 3669 non
1053 3622 1164 3686 patiatur

79 3683 170 3753 incepta
188 3692 316 3743 earmina.
353 3690 474 3740 Ceterum
495 3689 529 3740 ei.
549 3688 581 3739 ad
601 3689 684 3740 Carm.
704 3689 826 3752 1,1s‚3.
855 3720 887 3730 -
927 3689 996 3762 olim}
1017 3690 1163 3742 iamdudum

78 3752 116 3806 tibi
130 3763 286 3824 promissum
305 3760 447 3811 iamborum
466 3759 567 3822 librum,
586 3775 637 3827 quo
655 3763 759 3811 nomine
777 3764 887 3810 non'est
907 3757 1011 3811 dubium
1024 3762 1084 3826 quin
1095 3769 1163 3828 epo-

77 3824 118 3875 das
135 3845 149 3879 a
168 3835 263 3884 maiori
282 3840 356 3899 parte
374 3832 506 3882 nominare
524 3830 645 3881 voluerit.
691 3829 817 3879 Carminis
846 3832 951 3880 nomine
973 3830 1055 3895 lyrica
1074 3834 1161 3897 poesis

78 3895 248 3967 struuntur,
268 3904 389 3969 opposita
409 3903 516 3968 epicae;
538 3903 577 3951 sic
594 3900 663 3967 apud
683 3899 869 3963 Quintilianum
889 3900 923 3963 ll,
942 3901 968 3964 4,
990 3904 1022 3953 2:
1049 3901 1162 3967 ,labula,

74 3980 133 4032 quse
153 3982 275 4025 versatur
293 3975 320 4023 in
339 3972 478 4041 tragoediis
499 3979 576 4039 atque
602 3971 804 4023 carminibus.“'
823 3970 946 4023 Similiter
965 3972 1098 4024 Lueretius
1117 3974 1162 4039 Vl,

73 4034 120 4089 ⁹36
138 4041 169 4094 de
187 4052 245 4095 toto
267 4046 351 4111 primo
369 4044 449 4095 libro:
470 4040 559 4114 ,Nune
576 4057 666 4094 omnes
687 4050 801 4108 repetam
820 4057 896 4108 quam
915 4057 973 4094 raro
990 4056 1100 4108 corpore
1111 4045 1164 4095 sint

74 4122 110 4157 tea
125 4111 350 4179 'commemorare
369 4115 437 4183 quod
457 4117 481 4165 in
501 4115 583 4179 primo
601 4128 705 4182 quoquo
723 4115 837 4163 carmine
856 4111 946 4163 claret.
964 4122 979 4148 (ἐ
999 4146 1030 4159 -
1051 4116 1087 4165 uri
1103 4133 1195 4165 ans-v
1211 4136 1228 4157 r·
1283 4144 1288 4157 ι
1387 4134 1390 4141 <

73 4179 167 4235 timer
184 4186 332 4259 adurere]
361 4185 531 4252 ,Extremitas
551 4183 656 4235 chartae
672 4198 835 4250 papyraceae
854 4181 897 4233 vel
916 4183 1098 4248 membranae,
1129 4201 1162 4236 ax

72 4251 155 4314 quibus
173 4256 385 4308 conficiebantur
405 4256 545 4319 volumina,
564 4254 773 4322 agglutinabatur
791 4240 896 4316 bacillo,
915 4255 1162 4308 cuieircumvolre-

73 4316 139 4373 batur
160 4334 244 4379 totum
264 4327 397 4379 volumen.
447 4325 521 4379 lilius
548 4328 635 4392 capita
662 4320 699 4376 'ex
718 4339 779 4375 osse
796 4332 841 4374 aut
867 4323 940 4392 ligno
959 4325 1026 4376 laets
1046 4326 1162 4378 umbilici

69 4395 232 4461 venabantur,
253 4400 315 4467 quia
333 4402 359 4449 ln
380 4397 464 4449 media
484 4403 557 4464 parto
577 4396 634 4448 libri
653 4403 750 4446 eram
771 4395 833 4446 Fau.
864 4395 911 4446 Eat
920 4396 999 4463 igitur
1011 4394 1159 4461 absolvere,

69 4464 175 4518 nisan.
195 4470 241 4532 lv,
265 4469 309 4531 91,
331 4472 363 4519 1:
389 4468 476 4534 ,Obe,
493 4469 543 4517 iam
562 4468 624 4517 satis
643 4475 691 4530 est,
709 4465 760 4516 ohe
777 4463 888 4529 libelle,
921 4466 973 4517 lam
992 4469 1159 4534 pervenimus

68 4545 143 4601 uque
163 4538 196 4590 erl
218 4539 384 4591 umbilicos!
403 4568 437 4580 -
456 4541 562 4607 arsisse]
583 4554 640 4588 rum
658 4535 780 4589 ablativo.
810 4537 844 4587 ci.
865 4535 948 4588 Germ.
965 4536 998 4603 ll,
1014 4537 1041 4603 4,
1061 4537 1085 4589 7.
1114 4538 1160 4604 ill,

110 4633 216 4680 llonuus
232 4637 269 4680 en
284 4638 442 4689 Dillenbnrger.
917 4641 961 4709 ¹9
