3117 5042
456 414 596 495 stau.
640 420 788 515 ouban.
812 425 849 487 u.

324 598 603 682 Euterpeeobibet
627 622 683 665 nee
704 603 914 681 rotynynnte

326 690 477 771 Lesboum
500 711 615 792 refugit
635 712 763 774 tendere
777 713 931 776 barbiton.

281 834 311 877 ss
332 818 447 893 Quodsi
468 837 516 879 nre
539 819 649 907 lyricis
667 820 789 883 vatibus
809 822 943 901 inseris,

329 925 459 1005 Sublimi
479 926 590 1013 leriam
608 927 713 991 sidera
736 930 863 1023 vertice.

578 1120 769 1141 *⁸*—

531 1327 724 1443 Carmen
749 1330 806 1408 ll.¹
858 1345 860 1350 '
889 1348 896 1357 ’

318 1495 383 1558 lars
403 1498 482 1573 satis
499 1480 598 1562 ⁴terris
618 1500 702 1591 nivis
722 1507 816 1582 atque
835 1468 923 1583 dirae

320 1605 490 1668 Grundiuis
512 1607 593 1669 misit
615 1617 704 1689 pater
727 1616 758 1670 et
781 1608 909 1681 rubente
1000 1702 1003 1708 .

114 1775 224 1840 inperare
245 1773 303 1840 lyra
323 1776 409 1837 ennit;
430 1784 539 1842 utraque
558 1777 632 1828 adest
649 1777 732 1843 lyrico
749 1786 857 1845 poetae.
878 1808 912 1820 -
939 1778 1063 1831 Lesboum
1083 1780 1213 1850 duddan]

114 1845 226 1896 Graecis
245 1845 379 1901 uocabulis
397 1849 457 1901 ideo
478 1847 582 1900 ridetur
602 1866 663 1899 usus
682 1866 741 1901 esse
762 1849 788 1899 lr.
806 1848 834 1912 1.,
854 1857 882 1899 ut
902 1850 1009 1916 priunum
1028 1866 1058 1901 sa
1081 1849 1217 1914 ,3Aeoliurn

114 1933 223 1967 rsrnren
243 1916 275 1966 ad
306 1917 384 1967 italos
409 1918 549 1970 deduxisse
574 1920 680 1969 madore
701 1919 760 1986 (itt
781 1919 826 1982 30,
849 1920 894 1989 13)
921 1920 1078 1971 ostenderet.
1098 1921 1160 1972 ride
1180 1923 1215 1972 ad

115 1987 204 2038 Carni.
226 1987 248 2049 l,
266 1987 347 2051 324⁴.
368 2019 400 2029 -
421 1991 519 2057 pour]
539 1988 608 2039 lraud
627 1992 664 2040 itu
680 2006 738 2041 rare
755 2005 771 2040 a
790 1992 873 2057 poetis
887 2000 1031 2061 usurpatur
1049 1992 1114 2043 baec
1132 1995 1214 2059 parti·

8 2070 13 2095 t
115 2057 199 2123 cultu
220 2058 289 2124 apud
310 2058 442 2110 Horatium
460 2060 548 2110 decies
567 2062 665 2127 septies
686 2078 727 2113 rire
745 2060 835 2129 legere
854 2063 967 2115 tuemini.

566 2199 705 2251 Carmen
733 2201 766 2252 ll.

185 2290 375 2345 Describuntur
387 2292 420 2342 ab
437 2294 513 2344 initio
531 2294 653 2345 earnrinis
674 2311 758 2362 usque
780 2297 812 2347 ad
832 2287 905 2348 assb'
922 2305 1090 2362 portentosae
1111 2308 1214 2365 tempe-¹

116 2369 200 2413 states
222 2372 251 2412 et
266 2363 363 2415 insoliti
383 2364 409 2413 in
427 2348 517 2414 batura
546 2381 630 2414 rerunt
651 2367 797 2428 turnultus,
827 2367 977 2432 deploratur
1000 2369 1092 2434 ingens
1118 2372 1215 2421 sirium

116 2449 165 2498 per
184 2432 254 2483 bella
273 2433 361 2487 cirilla
378 2434 483 2497 clades,
512 2435 656 2486 ostenditur
677 2439 812 2502 irnperiunr
831 2438 973 2488 Romanurn
993 2441 1092 2488 ruinani
1114 2442 1212 2491 natinari.

114 2503 152 2554 Ει
174 2513 261 2555 autern
282 2507 376 2572 iugens
399 2504 531 2556 eduruitas
551 2506 619 2556 unde
642 2517 731 2557 exorta
750 2509 811 2559 est?
844 2506 1014 2561 ,interiectus
1042 2509 1138 2559 Caesar
1164 2518 1214 2571 est,

114 2590 194 2641 quesn
212 2576 320 2626 deorurn
341 2578 379 2626 ira
399 2574 550 2639 ulciscitur3
576 2576 645 2627 bella
675 2576 763 2628 civilia
785 2588 811 2627 et
831 2579 943 2627 omniurn
966 2594 1050 2629 rerum
1074 2578 1213 2631 turbulenti

115 2653 203 2695 rnotus
221 2646 350 2713 diuinitus
368 2648 449 2698 saissa
471 2655 533 2697 sunt
556 2647 592 2697 ¹ad
613 2648 796 2714 *corrigendam
815 2650 927 2698 civitatis
948 2651 1153 2713 perversitati-in.
1189 2654 1213 2701 Α

115 2718 195 2766 tantis
213 2716 289 2767 usalis
306 2719 364 2784 quis
381 2710 420 2768 e'st
437 2719 621 2785 quintasium
640 2732 723 2785 genus
744 2718 881 2791 hunianurn
902 2717 1041 2769 liberabit?
1081 2721 1212 2773 llunranae

114 2790 187 2837 vires
206 2804 264 2837 enni
283 2804 335 2838 non
354 2787 503 2855 sufficiant,
529 2786 593 2838 deus
612 2789 705 2856 aliquis
726 2798 830 2839 nostrae
856 2788 1008 2840 calamitatis
1034 2793 1153 2842 urisertus
1180 2807 1212 2843 ex

115 2858 194 2908 coelo
217 2874 329 2909 neeesse
358 2868 398 2908 est
416 2858 565 2910 descendet.
603 2859 667 2910 Num
691 2859 787 2925 Apollo
816 2861 903 2910 reniet
931 2859 1037 2926 augur?
1070 2878 1101 2912 an
1126 2865 1212 2913 Venus

115 2931 174 2995 ipsa
194 2938 278 2980 mater
294 2925 384 2996 populi
405 2930 523 2991 Romani,
542 2945 573 2980 an
592 2930 659 2981 biars
678 2928 780 2996 paterl·
810 2930 890 2981 lmnro
908 2931 957 2979 iarn
977 2929 1050 2979 adest
1069 2932 1210 2982 Mescinius

116 2999 243 3050 Caesaris
260 2999 330 3050 ultor
347 2997 395 3049 sub
424 3000 560 3052 Octaviani
580 2999 665 3052 latens
686 3015 805 3067 persona.
853 2999 877 3051 ls
903 3001 982 3065 igitur
1009 2999 1051 3048 din
1076 3003 1143 3050 inter
1162 3017 1212 3052 nos

114 3072 214 3120 utinum
235 3079 421 3132 commoretur,
437 3073 557 3138 quoniam
577 3070 650 3121 solbs
668 3078 708 3122 est
729 3086 743 3120 a
763 3085 816 3136 quo
836 3071 937 3135 imperii
957 3070 1068 3136 dignutus
1087 3079 1113 3120 et
1124 3072 1210 3122 norni-

113 3142 155 3191 nis
177 3142 288 3192 Romani
310 3140 394 3207 gloria
414 3157 474 3192 eum
490 3156 589 3192 morum
609 3141 739 3207 probitate
756 3149 783 3191 et
801 3141 898 3207 pietate
916 3143 1018 3207 possint
1036 3143 1144 3191 restitui.
1164 3144 1209 3192 Vi-

113 3211 207 3262 demus
229 3215 263 3263 ita
284 3210 363 3261 diuidi
379 3227 492 3271 cannen,
513 3220 541 3262 ut
557 3214 675 3277 superior
687 3227 746 3278 pars
758 3210 929 3262 calamitatem
940 3210 1068 3262 describat
1083 3212 1209 3282 ‹1-24)‚

113 3282 226 3332 interior
247 3284 405 3348 expiatorem
426 3291 452 3332 et
469 3291 578 3349 quaerat
595 3290 621 3331 ot
639 3284 755 3333 inueniat
773 3281 845 3343 (bb-
858 3282 916 3348 52).
959 3281 998 3331 De
1024 3289 1140 3351 tenipore
1157 3300 1209 3352 quo

111 3355 146 3403 sit
166 3360 272 3403 armen
291 3355 414 3419 seriptum
434 3352 569 3402 discordes
587 3362 646 3403 sunt
666 3354 713 3402 riri
731 3352 817 3410 docti3
836 3351 861 3401 id
882 3358 965 3401 tamen
987 3356 1209 3418 rertrnu'sidetnr,

113 3423 237 3490 prodigia
257 3422 309 3473 alia
328 3438 379 3473 non
400 3423 542 3489 si'gnilieari
560 3424 610 3472 nisi
629 3439 696 3490 quare
715 3423 821 3475 caedem
841 3423 959 3472 Caesaris
988 3430 1126 3476 consecuta
1145 3429 1208 3489 sint3

111 3492 184 3544 belle
204 3492 449 3560 ciriliasiquidenn
469 3495 613 3559 composita
637 3503 722 3543 tannen
748 3507 800 3543 eon
827 3493 931 3543 omnino
956 3492 1072 3559 sepulta,
1103 3511 1208 3562 rempu-

110 3563 209 3615 blicam
233 3573 348 3629 pacatam
369 3563 471 3631 quidem
489 3563 536 3613 sed
555 3563 667 3613 rubridum
687 3563 861 3615 eorrbrrnaturn
888 3562 979 3623 rideri,
999 3572 1078 3613 toturn
1094 3567 1207 3631 denique

110 3635 271 3685 cennenad
298 3633 478 3697 Octavianum,
497 3634 617 3684 Caesaris
636 3636 716 3700 patris
736 3632 856 3695 ultorem,
875 3642 941 3699 (quo
959 3648 988 3683 se
1011 3633 1083 3685 illurn
1102 3636 1208 3686 norisius

110 3706 227 3759 libenter
245 3718 354 3756 ornasse
377 3706 487 3771 seimus)
509 3703 692 3756 celebrandurn
714 3720 773 3755 esse
792 3705 923 3768 scriptum.
971 3703 1133 3769 Quapropter
1148 3714 1208 3756 anta

111 3790 137 3831 r.
154 3793 181 3826 u.
196 3792 223 3826 e.
244 3775 295 3825 rat
315 3777 486 3841 compositum
507 3784 561 3836 est3
586 3772 704 3827 en'eninr
725 3790 793 3826 anno
811 3773 930 3839 expandi
952 3775 1136 3825 criminisiem
1155 3789 1207 3827 uon

107 3849 196 3913 potnit
214 3846 407 3909 mentioued,
429 3844 548 3897 oneribus
566 3845 668 3897 scilieet
689 3846 809 3898 Caesaris
827 3844 1035 3895 interlectoribus
1056 3847 1196 3895 exstinctis.

181 3943 214 3992 V.
239 3943 262 3991 1.
300 3940 365 3991 Cum
387 3940 435 3990 hae
454 3939 650 3991 inundationum
671 3940 763 4008 quibus
794 3937 930 4005 interiecto
963 3936 1076 3987 Caesare
1099 3937 1206 3992 Bonnaui

106 4012 279 4064 terrebantur
296 4012 473 4077 descriptione
501 4007 645 4078 comparari
675 4011 771 4077 delient
799 4008 933 4075 virgiliani
961 4018 1052 4058 versus
1071 4007 1165 4076 Georg.
1186 4011 1206 4075 l,

106 4081 416 4148 noo-48⁹.‚4982qq.,
435 4083 462 4142 in
483 4076 577 4150 quibus
595 4083 727 4141 mirumst
744 4080 882 4132 verborum
903 4087 929 4127 et
947 4080 1130 4131 sententiarum
1148 4098 1206 4132 curn

106 4153 148 4207 leis
171 4153 321 4205 Hnnbanis
340 4168 496 4203 eonsensum
514 4151 701 4218 deprehendes.
721 4178 751 4194 ο-
772 4153 856 4219 dirae]
878 4150 919 4200 Sic
932 4146 1103 4215 ‘appellantur
1122 4154 1207 4203 omnia

105 4240 176 4292 quae
196 4225 289 4292 gravia
308 4231 335 4274 et
354 4225 476 4289 ingentia
501 4223 569 4273 mala
596 4221 758 4289 portendunt.
798 4222 867 4289 virg.
895 4219 990 4284 Geerg.
1008 4218 1029 4280 l,
1048 4219 1108 4272 488.
1146 4221 1205 4272 llor.

104 4294 189 4361 epod.
211 4296 238 4353 5,
249 4294 296 4346 89.
330 4288 595 4344 Animadvertendum
616 4302 710 4354 taurea,
730 4292 778 4343 hoc
792 4290 920 4341 adiectiro
933 4288 1035 4339 hicnon
1055 4291 1204 4357 grandineos

103 4365 192 4416 saluus
212 4364 261 4415 sed
288 4366 377 4415 nivern
402 4380 507 4431 quoque
527 4365 628 4417 ornari.-
667 4364 724 4425 Quo
746 4359 836 4427 ordine
853 4376 868 4409 a
886 4374 978 4424 prosae
998 4364 1120 4431 orationis
1142 4378 1207 4411 con·

106 4436 250 4487 suetudine
270 4435 361 4485 alieno
383 4444 460 4500 poeta
481 4450 561 4501 saepe
580 4434 708 4500 disposuit
728 4432 817 4493 rerba,
837 4439 864 4481 ut
884 4431 967 4480 carni.
990 4432 1011 4491 1,
1030 4435 1055 4497 5,
1073 4430 1098 4482 ὃ.
1122 4432 1143 4492 l,
1161 4429 1205 4494 31,

106 4506 152 4558 to.
172 4507 194 4569 1,
211 4506 259 4567 34,
279 4506 305 4559 8.
327 4505 486 4569 tt‚·19‚24.
507 4505 552 4569 lll,
576 4508 617 4568 11,
637 4505 680 4555 39.
702 4503 744 4565 lv,
768 4500 846 4565 14,t.
867 4500 900 4569 lt,
918 4502 944 4573 8,
954 4500 980 4550 3.
1002 4501 1055 4595 ml
1069 4502 1094 4564 2,
1117 4502 1158 4553 16.
1174 4529 1205 4543 ·-

150 4605 259 4647 uomina
273 4604 307 4647 ed.
324 4604 483 4655 Dilleuburger.
980 4607 1001 4673 3
1032 4606 1046 4663 1‘
1080 4666 1083 4671 y
