<?xml version="1.0" encoding="UTF-8"?>
<!DOCTYPE html PUBLIC "-//W3C//DTD XHTML 1.0 Transitional//EN"
    "http://www.w3.org/TR/xhtml1/DTD/xhtml1-transitional.dtd">
<html xmlns="http://www.w3.org/1999/xhtml" xml:lang="en" lang="en">
 <head>
  <title>
</title>
<meta http-equiv="Content-Type" content="text/html;charset=utf-8" />
  <meta name='ocr-system' content='tesseract 3.04.00' />
  <meta name='ocr-capabilities' content='ocr_page ocr_carea ocr_par ocr_line ocrx_word'/>
</head>
<body>
  <div class='ocr_page' id='page_1' title='image "./operaomnia00dillgoog_0101.png"; bbox 0 0 3117 5042; ppageno 0'>
   <div class='ocr_carea' id='block_1_1' title="bbox 419 427 928 523">
    <p class='ocr_par' dir='ltr' id='par_1_1' title="bbox 419 427 928 523">
     <span class='ocr_line' id='line_1_1' title="bbox 419 427 928 523; baseline -0.004 0"><span class='ocrx_word' id='word_1_1' title='bbox 419 458 514 523; x_wconf 79' lang='lat' dir='ltr'><strong>nra.</strong></span> <span class='ocrx_word' id='word_1_2' title='bbox 537 460 560 522; x_wconf 91' lang='grc' dir='ltr'><strong>ι.</strong></span> <span class='ocrx_word' id='word_1_3' title='bbox 606 427 765 522; x_wconf 81' lang='lat' dir='ltr'><strong>canu.</strong></span> <span class='ocrx_word' id='word_1_4' title='bbox 788 460 928 521; x_wconf 80' lang='lat' dir='ltr'><strong>xxvrn.</strong></span> 
     </span>
    </p>
   </div>
   <div class='ocr_carea' id='block_1_2' title="bbox 167 629 1032 1895">
    <p class='ocr_par' dir='ltr' id='par_1_2' title="bbox 167 629 1032 1895">
     <span class='ocr_line' id='line_1_2' title="bbox 217 629 1001 727; baseline -0.004 -20"><span class='ocrx_word' id='word_1_5' title='bbox 217 644 360 708; x_wconf 80' lang='lat' dir='ltr'><strong>Pulveris</strong></span> <span class='ocrx_word' id='word_1_6' title='bbox 380 644 484 726; x_wconf 82' lang='lat' dir='ltr'><strong>exigui</strong></span> <span class='ocrx_word' id='word_1_7' title='bbox 504 643 605 727; x_wconf 84' lang='lat' dir='ltr'><strong>prope</strong></span> <span class='ocrx_word' id='word_1_8' title='bbox 622 642 709 706; x_wconf 85' lang='lat' dir='ltr'><strong>littus</strong></span> <span class='ocrx_word' id='word_1_9' title='bbox 728 629 829 725; x_wconf 77' lang='lat' dir='ltr'><strong>parua</strong></span> <span class='ocrx_word' id='word_1_10' title='bbox 852 642 1001 705; x_wconf 86' lang='lat' dir='ltr'><strong>ltlatinum</strong></span> 
     </span>
     <span class='ocr_line' id='line_1_3' title="bbox 302 750 938 834; baseline -0.006 -18"><span class='ocrx_word' id='word_1_11' title='bbox 302 754 441 831; x_wconf 80' lang='lat' dir='ltr'><strong>Munera,</strong></span> <span class='ocrx_word' id='word_1_12' title='bbox 463 771 520 814; x_wconf 91' lang='lat' dir='ltr'><strong>uec</strong></span> <span class='ocrx_word' id='word_1_13' title='bbox 541 752 706 834; x_wconf 82' lang='lat' dir='ltr'><strong>quidquam</strong></span> <span class='ocrx_word' id='word_1_14' title='bbox 727 750 784 814; x_wconf 85' lang='lat' dir='ltr'><strong>tibi</strong></span> <span class='ocrx_word' id='word_1_15' title='bbox 810 750 938 833; x_wconf 86' lang='lat' dir='ltr'><strong>prodest</strong></span> 
     </span>
     <span class='ocr_line' id='line_1_4' title="bbox 182 842 986 942; baseline 0.002 -21"><span class='ocrx_word' id='word_1_16' title='bbox 182 861 331 925; x_wconf 74' lang='lat' dir='ltr'><strong>alienas</strong></span> <span class='ocrx_word' id='word_1_17' title='bbox 353 869 489 924; x_wconf 79' lang='lat' dir='ltr'><strong>tentasse</strong></span> <span class='ocrx_word' id='word_1_18' title='bbox 511 860 617 923; x_wconf 88' lang='lat' dir='ltr'><strong>domos</strong></span> <span class='ocrx_word' id='word_1_19' title='bbox 640 860 802 942; x_wconf 87' lang='lat' dir='ltr'><strong>animoque</strong></span> <span class='ocrx_word' id='word_1_20' title='bbox 823 842 986 923; x_wconf 87' lang='lat' dir='ltr'><strong>rotundum</strong></span> 
     </span>
     <span class='ocr_line' id='line_1_5' title="bbox 301 963 886 1050; baseline -0.005 -19"><span class='ocrx_word' id='word_1_21' title='bbox 301 969 493 1032; x_wconf 85' lang='lat' dir='ltr'><strong>Percurrissc</strong></span> <span class='ocrx_word' id='word_1_22' title='bbox 515 969 619 1050; x_wconf 86' lang='lat' dir='ltr'><strong>polum</strong></span> <span class='ocrx_word' id='word_1_23' title='bbox 642 968 802 1032; x_wconf 86' lang='lat' dir='ltr'><strong>morituro.</strong></span> <span class='ocrx_word' id='word_1_24' title='bbox 884 963 886 968; x_wconf 79' lang='grc'><strong>’</strong></span> 
     </span>
     <span class='ocr_line' id='line_1_6' title="bbox 220 1073 981 1158; baseline -0.003 -19"><span class='ocrx_word' id='word_1_25' title='bbox 220 1073 338 1140; x_wconf 76' lang='lat' dir='ltr'><strong>Occidit</strong></span> <span class='ocrx_word' id='word_1_26' title='bbox 359 1083 391 1138; x_wconf 91' lang='lat' dir='ltr'><strong>et</strong></span> <span class='ocrx_word' id='word_1_27' title='bbox 410 1077 535 1158; x_wconf 81' lang='lat' dir='ltr'><strong>Pelopia</strong></span> <span class='ocrx_word' id='word_1_28' title='bbox 557 1076 680 1158; x_wconf 87' lang='lat' dir='ltr'><strong>genitor</strong></span> <span class='ocrx_word' id='word_1_29' title='bbox 700 1076 832 1137; x_wconf 85' lang='lat' dir='ltr'><strong>conviva</strong></span> <span class='ocrx_word' id='word_1_30' title='bbox 856 1074 981 1137; x_wconf 88' lang='lat' dir='ltr'><strong>deorum</strong></span> 
     </span>
     <span class='ocr_line' id='line_1_7' title="bbox 304 1183 843 1266; baseline -0.006 -17"><span class='ocrx_word' id='word_1_31' title='bbox 304 1185 517 1266; x_wconf 76' lang='lat' dir='ltr'><strong>Tithonusque</strong></span> <span class='ocrx_word' id='word_1_32' title='bbox 537 1191 671 1246; x_wconf 84' lang='lat' dir='ltr'><strong>remotus</strong></span> <span class='ocrx_word' id='word_1_33' title='bbox 692 1183 726 1247; x_wconf 92' lang='lat' dir='ltr'><strong>in</strong></span> <span class='ocrx_word' id='word_1_34' title='bbox 749 1201 843 1246; x_wconf 89' lang='lat' dir='ltr'><strong>auras</strong></span> 
     </span>
     <span class='ocr_line' id='line_1_8' title="bbox 224 1290 1011 1376; baseline -0.004 -21"><span class='ocrx_word' id='word_1_35' title='bbox 224 1292 267 1355; x_wconf 73' lang='lat' dir='ltr'><strong>Et</strong></span> <span class='ocrx_word' id='word_1_36' title='bbox 287 1293 370 1355; x_wconf 81' lang='lat' dir='ltr'><strong>lovis</strong></span> <span class='ocrx_word' id='word_1_37' title='bbox 392 1293 520 1355; x_wconf 85' lang='lat' dir='ltr'><strong>arcauls</strong></span> <span class='ocrx_word' id='word_1_38' title='bbox 538 1292 639 1355; x_wconf 82' lang='lat' dir='ltr'><strong>Minos</strong></span> <span class='ocrx_word' id='word_1_39' title='bbox 662 1291 813 1354; x_wconf 86' lang='lat' dir='ltr'><strong>admissus</strong></span> <span class='ocrx_word' id='word_1_40' title='bbox 837 1290 1011 1376; x_wconf 84' lang='lat' dir='ltr'><strong>habentque</strong></span> 
     </span>
     <span class='ocr_line' id='line_1_9' title="bbox 167 1399 886 1463; baseline 0 -2"><span class='ocrx_word' id='word_1_41' title='bbox 167 1419 199 1463; x_wconf 84' lang='lat' dir='ltr'><strong>ro</strong></span> <span class='ocrx_word' id='word_1_42' title='bbox 303 1401 440 1463; x_wconf 89' lang='lat' dir='ltr'><strong>Tartara</strong></span> <span class='ocrx_word' id='word_1_43' title='bbox 457 1399 652 1463; x_wconf 75' lang='lat' dir='ltr'><strong>Panthoiden</strong></span> <span class='ocrx_word' id='word_1_44' title='bbox 673 1399 782 1462; x_wconf 87' lang='lat' dir='ltr'><strong>iterum</strong></span> <span class='ocrx_word' id='word_1_45' title='bbox 805 1400 886 1461; x_wconf 82' lang='lat' dir='ltr'><strong>(irco</strong></span> 
     </span>
     <span class='ocr_line' id='line_1_10' title="bbox 221 1504 973 1591; baseline -0.005 -19"><span class='ocrx_word' id='word_1_46' title='bbox 221 1504 409 1586; x_wconf 77' lang='lat' dir='ltr'><strong>lienisnrm,</strong></span> <span class='ocrx_word' id='word_1_47' title='bbox 431 1509 571 1591; x_wconf 84' lang='lat' dir='ltr'><strong>quamvis</strong></span> <span class='ocrx_word' id='word_1_48' title='bbox 594 1507 692 1589; x_wconf 90' lang='lat' dir='ltr'><strong>clipeo</strong></span> <span class='ocrx_word' id='word_1_49' title='bbox 714 1507 852 1570; x_wconf 81' lang='lat' dir='ltr'><strong>Troiana</strong></span> <span class='ocrx_word' id='word_1_50' title='bbox 875 1509 973 1570; x_wconf 85' lang='lat' dir='ltr'><strong>rehxo</strong></span> 
     </span>
     <span class='ocr_line' id='line_1_11' title="bbox 289 1601 875 1698; baseline -0.002 -19"><span class='ocrx_word' id='word_1_51' title='bbox 289 1618 461 1698; x_wconf 67' lang='lat' dir='ltr'><strong>⁴Tempora</strong></span> <span class='ocrx_word' id='word_1_52' title='bbox 481 1621 613 1678; x_wconf 87' lang='lat' dir='ltr'><strong>testatus</strong></span> <span class='ocrx_word' id='word_1_53' title='bbox 634 1615 710 1677; x_wconf 85' lang='lat' dir='ltr'><strong>nihil</strong></span> <span class='ocrx_word' id='word_1_54' title='bbox 733 1617 821 1678; x_wconf 85' lang='lat' dir='ltr'><strong>ultra</strong></span> <span class='ocrx_word' id='word_1_55' title='bbox 872 1601 875 1608; x_wconf 41' lang='lat'><strong>¹</strong></span> 
     </span>
     <span class='ocr_line' id='line_1_12' title="bbox 220 1719 1032 1806; baseline -0.005 -18"><span class='ocrx_word' id='word_1_56' title='bbox 220 1726 342 1789; x_wconf 72' lang='lat' dir='ltr'><strong>Nereos</strong></span> <span class='ocrx_word' id='word_1_57' title='bbox 363 1719 456 1806; x_wconf 83' lang='lat' dir='ltr'><strong>atque</strong></span> <span class='ocrx_word' id='word_1_58' title='bbox 478 1729 576 1786; x_wconf 89' lang='lat' dir='ltr'><strong>cutem</strong></span> <span class='ocrx_word' id='word_1_59' title='bbox 597 1724 688 1799; x_wconf 81' lang='lat' dir='ltr'><strong>morti</strong></span> <span class='ocrx_word' id='word_1_60' title='bbox 710 1730 907 1786; x_wconf 79' lang='lat' dir='ltr'><strong>concesserat</strong></span> <span class='ocrx_word' id='word_1_61' title='bbox 928 1729 1032 1801; x_wconf 89' lang='lat' dir='ltr'><strong>atrae,</strong></span> 
     </span>
     <span class='ocr_line' id='line_1_13' title="bbox 305 1831 838 1895; baseline 0.002 -2"><span class='ocrx_word' id='word_1_62' title='bbox 305 1831 408 1895; x_wconf 86' lang='lat' dir='ltr'><strong>iudice</strong></span> <span class='ocrx_word' id='word_1_63' title='bbox 429 1838 461 1894; x_wconf 84' lang='lat' dir='ltr'><strong>ta</strong></span> <span class='ocrx_word' id='word_1_64' title='bbox 481 1850 543 1894; x_wconf 89' lang='lat' dir='ltr'><strong>non</strong></span> <span class='ocrx_word' id='word_1_65' title='bbox 566 1831 708 1895; x_wconf 89' lang='lat' dir='ltr'><strong>sordidus</strong></span> <span class='ocrx_word' id='word_1_66' title='bbox 729 1838 838 1894; x_wconf 87' lang='lat' dir='ltr'><strong>auctor</strong></span> 
     </span>
    </p>
   </div>
   <div class='ocr_carea' id='block_1_3' title="bbox 123 1979 1284 4315">
    <p class='ocr_par' dir='ltr' id='par_1_3' title="bbox 123 1979 1284 4315">
     <span class='ocr_line' id='line_1_14' title="bbox 135 1979 1284 2053; baseline 0.001 -17"><span class='ocrx_word' id='word_1_67' title='bbox 135 1982 232 2053; x_wconf 85' lang='lat' dir='ltr'><strong>qualis,</strong></span> <span class='ocrx_word' id='word_1_68' title='bbox 250 1998 321 2035; x_wconf 83' lang='lat' dir='ltr'><strong>mare</strong></span> <span class='ocrx_word' id='word_1_69' title='bbox 339 1991 366 2034; x_wconf 90' lang='lat' dir='ltr'><strong>et</strong></span> <span class='ocrx_word' id='word_1_70' title='bbox 384 1990 478 2033; x_wconf 85' lang='lat' dir='ltr'><strong>terram</strong></span> <span class='ocrx_word' id='word_1_71' title='bbox 498 1995 620 2034; x_wconf 81' lang='lat' dir='ltr'><strong>emensas</strong></span> <span class='ocrx_word' id='word_1_72' title='bbox 639 1997 699 2034; x_wconf 84' lang='lat' dir='ltr'><strong>esse</strong></span> <span class='ocrx_word' id='word_1_73' title='bbox 717 1980 820 2047; x_wconf 90' lang='lat' dir='ltr'><strong>dicitur,</strong></span> <span class='ocrx_word' id='word_1_74' title='bbox 843 1981 972 2036; x_wconf 79' lang='lat' dir='ltr'><strong>invidiose</strong></span> <span class='ocrx_word' id='word_1_75' title='bbox 990 1993 1128 2051; x_wconf 85' lang='lat' dir='ltr'><strong>ponuntur.</strong></span> <span class='ocrx_word' id='word_1_76' title='bbox 1174 1989 1235 2040; x_wconf 84' lang='lat' dir='ltr'><strong>Phi·</strong></span> <span class='ocrx_word' id='word_1_77' title='bbox 1283 1979 1284 1982; x_wconf 59' lang='grc'>’</span> 
     </span>
     <span class='ocr_line' id='line_1_15' title="bbox 136 2055 1235 2122; baseline 0.004 -16"><span class='ocrx_word' id='word_1_78' title='bbox 136 2055 266 2122; x_wconf 88' lang='lat' dir='ltr'><strong>losophus</strong></span> <span class='ocrx_word' id='word_1_79' title='bbox 284 2063 312 2105; x_wconf 89' lang='lat' dir='ltr'><strong>et</strong></span> <span class='ocrx_word' id='word_1_80' title='bbox 333 2061 467 2121; x_wconf 87' lang='lat' dir='ltr'><strong>geometra</strong></span> <span class='ocrx_word' id='word_1_81' title='bbox 492 2055 580 2114; x_wconf 74' lang='lat' dir='ltr'><strong>naimo</strong></span> <span class='ocrx_word' id='word_1_82' title='bbox 608 2061 706 2104; x_wconf 89' lang='lat' dir='ltr'><strong>tantum</strong></span> <span class='ocrx_word' id='word_1_83' title='bbox 727 2070 818 2110; x_wconf 87' lang='lat' dir='ltr'><strong>omnes</strong></span> <span class='ocrx_word' id='word_1_84' title='bbox 838 2057 959 2122; x_wconf 85' lang='lat' dir='ltr'><strong>regiones</strong></span> <span class='ocrx_word' id='word_1_85' title='bbox 979 2072 1030 2107; x_wconf 91' lang='lat' dir='ltr'><strong>uon</strong></span> <span class='ocrx_word' id='word_1_86' title='bbox 1052 2066 1134 2110; x_wconf 88' lang='lat' dir='ltr'><strong>terrae</strong></span> <span class='ocrx_word' id='word_1_87' title='bbox 1152 2059 1235 2110; x_wconf 87' lang='lat' dir='ltr'><strong>solnm</strong></span> 
     </span>
     <span class='ocr_line' id='line_1_16' title="bbox 137 2126 1235 2192; baseline 0.002 -13"><span class='ocrx_word' id='word_1_88' title='bbox 137 2127 187 2179; x_wconf 83' lang='lat' dir='ltr'><strong>aed</strong></span> <span class='ocrx_word' id='word_1_89' title='bbox 206 2126 275 2176; x_wconf 76' lang='lat' dir='ltr'><strong>ueris</strong></span> <span class='ocrx_word' id='word_1_90' title='bbox 294 2140 399 2192; x_wconf 89' lang='lat' dir='ltr'><strong>quoquc</strong></span> <span class='ocrx_word' id='word_1_91' title='bbox 419 2126 546 2191; x_wconf 83' lang='lat' dir='ltr'><strong>percurrit</strong></span> <span class='ocrx_word' id='word_1_92' title='bbox 564 2130 590 2174; x_wconf 91' lang='lat' dir='ltr'><strong>et</strong></span> <span class='ocrx_word' id='word_1_93' title='bbox 610 2131 700 2187; x_wconf 87' lang='lat' dir='ltr'><strong>tentat,</strong></span> <span class='ocrx_word' id='word_1_94' title='bbox 720 2133 848 2176; x_wconf 86' lang='lat' dir='ltr'><strong>mercator</strong></span> <span class='ocrx_word' id='word_1_95' title='bbox 866 2135 958 2178; x_wconf 86' lang='lat' dir='ltr'><strong>terram</strong></span> <span class='ocrx_word' id='word_1_96' title='bbox 976 2129 1057 2178; x_wconf 88' lang='lat' dir='ltr'><strong>solam</strong></span> <span class='ocrx_word' id='word_1_97' title='bbox 1077 2137 1103 2179; x_wconf 90' lang='lat' dir='ltr'><strong>et</strong></span> <span class='ocrx_word' id='word_1_98' title='bbox 1118 2129 1235 2188; x_wconf 80' lang='lat' dir='ltr'><strong>solidam.</strong></span> 
     </span>
     <span class='ocr_line' id='line_1_17' title="bbox 135 2191 1235 2266; baseline 0.003 -18"><span class='ocrx_word' id='word_1_99' title='bbox 135 2213 193 2249; x_wconf 83' lang='lat' dir='ltr'><strong>aon</strong></span> <span class='ocrx_word' id='word_1_100' title='bbox 209 2202 297 2248; x_wconf 75' lang='lat' dir='ltr'><strong>aeirem</strong></span> <span class='ocrx_word' id='word_1_101' title='bbox 324 2197 425 2248; x_wconf 83' lang='lat' dir='ltr'><strong>inanem</strong></span> <span class='ocrx_word' id='word_1_102' title='bbox 455 2210 542 2261; x_wconf 87' lang='lat' dir='ltr'><strong>aeque</strong></span> <span class='ocrx_word' id='word_1_103' title='bbox 569 2191 626 2244; x_wconf 89' lang='lat' dir='ltr'><strong>solo</strong></span> <span class='ocrx_word' id='word_1_104' title='bbox 645 2197 732 2245; x_wconf 91' lang='lat' dir='ltr'><strong>aniroo</strong></span> <span class='ocrx_word' id='word_1_105' title='bbox 751 2191 798 2246; x_wconf 85' lang='lat' dir='ltr'><strong>aed</strong></span> <span class='ocrx_word' id='word_1_106' title='bbox 819 2212 928 2263; x_wconf 87' lang='lat' dir='ltr'><strong>corpore</strong></span> <span class='ocrx_word' id='word_1_107' title='bbox 949 2200 1034 2249; x_wconf 90' lang='lat' dir='ltr'><strong>etiam.</strong></span> <span class='ocrx_word' id='word_1_108' title='bbox 1069 2198 1112 2250; x_wconf 87' lang='lat' dir='ltr'><strong>·is</strong></span> <span class='ocrx_word' id='word_1_109' title='bbox 1139 2204 1235 2266; x_wconf 83' lang='lat' dir='ltr'><strong>optime</strong></span> 
     </span>
     <span class='ocr_line' id='line_1_18' title="bbox 136 2263 1237 2333; baseline 0.003 -14"><span class='ocrx_word' id='word_1_110' title='bbox 136 2268 243 2320; x_wconf 86' lang='lat' dir='ltr'><strong>uidetur</strong></span> <span class='ocrx_word' id='word_1_111' title='bbox 264 2268 380 2329; x_wconf 77' lang='lat' dir='ltr'><strong>vixisse,</strong></span> <span class='ocrx_word' id='word_1_112' title='bbox 398 2266 441 2333; x_wconf 91' lang='lat' dir='ltr'><strong>qui</strong></span> <span class='ocrx_word' id='word_1_113' title='bbox 461 2263 572 2331; x_wconf 85' lang='lat' dir='ltr'><strong>plurima</strong></span> <span class='ocrx_word' id='word_1_114' title='bbox 590 2264 639 2315; x_wconf 86' lang='lat' dir='ltr'><strong>sibi</strong></span> <span class='ocrx_word' id='word_1_115' title='bbox 660 2274 686 2316; x_wconf 92' lang='lat' dir='ltr'><strong>et</strong></span> <span class='ocrx_word' id='word_1_116' title='bbox 705 2267 759 2316; x_wconf 90' lang='lat' dir='ltr'><strong>suis</strong></span> <span class='ocrx_word' id='word_1_117' title='bbox 781 2267 914 2317; x_wconf 90' lang='lat' dir='ltr'><strong>commoda</strong></span> <span class='ocrx_word' id='word_1_118' title='bbox 931 2269 1050 2333; x_wconf 79' lang='lat' dir='ltr'><strong>&#39;parauit3</strong></span> <span class='ocrx_word' id='word_1_119' title='bbox 1079 2265 1191 2322; x_wconf 86' lang='lat' dir='ltr'><strong>bonores</strong></span> <span class='ocrx_word' id='word_1_120' title='bbox 1211 2275 1237 2322; x_wconf 88' lang='lat' dir='ltr'><strong>et</strong></span> 
     </span>
     <span class='ocr_line' id='line_1_19' title="bbox 136 2333 1236 2410; baseline 0.003 -21"><span class='ocrx_word' id='word_1_121' title='bbox 136 2354 233 2406; x_wconf 87' lang='lat' dir='ltr'><strong>magna</strong></span> <span class='ocrx_word' id='word_1_122' title='bbox 250 2338 363 2398; x_wconf 86' lang='lat' dir='ltr'><strong>aomina,</strong></span> <span class='ocrx_word' id='word_1_123' title='bbox 381 2333 468 2406; x_wconf 78' lang='lat' dir='ltr'><strong>qualia</strong></span> <span class='ocrx_word' id='word_1_124' title='bbox 486 2344 545 2386; x_wconf 85' lang='lat' dir='ltr'><strong>suut</strong></span> <span class='ocrx_word' id='word_1_125' title='bbox 560 2334 671 2410; x_wconf 78' lang='lat' dir='ltr'><strong>Tantali,</strong></span> <span class='ocrx_word' id='word_1_126' title='bbox 689 2335 802 2400; x_wconf 87' lang='lat' dir='ltr'><strong>Tithoni,</strong></span> <span class='ocrx_word' id='word_1_127' title='bbox 822 2338 924 2398; x_wconf 86' lang='lat' dir='ltr'><strong>lliuois,</strong></span> <span class='ocrx_word' id='word_1_128' title='bbox 943 2341 986 2405; x_wconf 91' lang='lat' dir='ltr'><strong>qui</strong></span> <span class='ocrx_word' id='word_1_129' title='bbox 1006 2340 1107 2391; x_wconf 85' lang='lat' dir='ltr'><strong>coelum</strong></span> <span class='ocrx_word' id='word_1_130' title='bbox 1127 2352 1236 2408; x_wconf 82' lang='lat' dir='ltr'><strong>captan-</strong></span> 
     </span>
     <span class='ocr_line' id='line_1_20' title="bbox 136 2408 1237 2478; baseline 0.002 -18"><span class='ocrx_word' id='word_1_131' title='bbox 136 2419 178 2460; x_wconf 89' lang='lat' dir='ltr'><strong>tes</strong></span> <span class='ocrx_word' id='word_1_132' title='bbox 200 2418 295 2460; x_wconf 87' lang='lat' dir='ltr'><strong>terram</strong></span> <span class='ocrx_word' id='word_1_133' title='bbox 312 2409 462 2467; x_wconf 86' lang='lat' dir='ltr'><strong>amiserunt,</strong></span> <span class='ocrx_word' id='word_1_134' title='bbox 481 2408 554 2472; x_wconf 93' lang='lat' dir='ltr'><strong>parvi</strong></span> <span class='ocrx_word' id='word_1_135' title='bbox 572 2414 633 2456; x_wconf 87' lang='lat' dir='ltr'><strong>sunt</strong></span> <span class='ocrx_word' id='word_1_136' title='bbox 651 2409 826 2469; x_wconf 88' lang='lat' dir='ltr'><strong>aestimanda;</strong></span> <span class='ocrx_word' id='word_1_137' title='bbox 846 2409 953 2458; x_wconf 88' lang='lat' dir='ltr'><strong>minoris</strong></span> <span class='ocrx_word' id='word_1_138' title='bbox 972 2411 1048 2461; x_wconf 89' lang='lat' dir='ltr'><strong>etiam</strong></span> <span class='ocrx_word' id='word_1_139' title='bbox 1068 2412 1237 2478; x_wconf 87' lang='lat' dir='ltr'><strong>Pythagoras,</strong></span> 
     </span>
     <span class='ocr_line' id='line_1_21' title="bbox 136 2476 1235 2548; baseline 0.003 -17"><span class='ocrx_word' id='word_1_140' title='bbox 136 2483 183 2548; x_wconf 88' lang='lat' dir='ltr'><strong>qui</strong></span> <span class='ocrx_word' id='word_1_141' title='bbox 203 2480 380 2530; x_wconf 82' lang='lat' dir='ltr'><strong>comunimus</strong></span> <span class='ocrx_word' id='word_1_142' title='bbox 401 2478 533 2528; x_wconf 88' lang='lat' dir='ltr'><strong>hominum</strong></span> <span class='ocrx_word' id='word_1_143' title='bbox 552 2478 628 2528; x_wconf 88' lang='lat' dir='ltr'><strong>rnorti</strong></span> <span class='ocrx_word' id='word_1_144' title='bbox 647 2490 698 2527; x_wconf 88' lang='lat' dir='ltr'><strong>uon</strong></span> <span class='ocrx_word' id='word_1_145' title='bbox 719 2476 889 2530; x_wconf 83' lang='lat' dir='ltr'><strong>succumbere</strong></span> <span class='ocrx_word' id='word_1_146' title='bbox 910 2479 1044 2547; x_wconf 83' lang='lat' dir='ltr'><strong>discipulis</strong></span> <span class='ocrx_word' id='word_1_147' title='bbox 1057 2485 1235 2547; x_wconf 78' lang='lat' dir='ltr'><strong>persuaderet,</strong></span> 
     </span>
     <span class='ocr_line' id='line_1_22' title="bbox 136 2546 1237 2617; baseline 0.002 -15"><span class='ocrx_word' id='word_1_148' title='bbox 136 2565 246 2617; x_wconf 85' lang='lat' dir='ltr'><strong>operam</strong></span> <span class='ocrx_word' id='word_1_149' title='bbox 268 2558 294 2600; x_wconf 93' lang='lat' dir='ltr'><strong>et</strong></span> <span class='ocrx_word' id='word_1_150' title='bbox 305 2549 392 2599; x_wconf 88' lang='lat' dir='ltr'><strong>oleum</strong></span> <span class='ocrx_word' id='word_1_151' title='bbox 412 2546 532 2615; x_wconf 87' lang='lat' dir='ltr'><strong>perdidit.</strong></span> <span class='ocrx_word' id='word_1_152' title='bbox 570 2548 677 2600; x_wconf 80' lang='lat' dir='ltr'><strong>Scilicet</strong></span> <span class='ocrx_word' id='word_1_153' title='bbox 696 2551 860 2615; x_wconf 86' lang='lat' dir='ltr'><strong>quantumvis</strong></span> <span class='ocrx_word' id='word_1_154' title='bbox 880 2550 1007 2616; x_wconf 76' lang='lat' dir='ltr'><strong>quondam</strong></span> <span class='ocrx_word' id='word_1_155' title='bbox 1027 2568 1056 2602; x_wconf 88' lang='lat' dir='ltr'><strong>se</strong></span> <span class='ocrx_word' id='word_1_156' title='bbox 1072 2553 1123 2604; x_wconf 87' lang='lat' dir='ltr'><strong>iam</strong></span> <span class='ocrx_word' id='word_1_157' title='bbox 1140 2556 1237 2605; x_wconf 82' lang='lat' dir='ltr'><strong>uixisse</strong></span> 
     </span>
     <span class='ocr_line' id='line_1_23' title="bbox 136 2617 1238 2691; baseline 0.005 -20"><span class='ocrx_word' id='word_1_158' title='bbox 136 2622 284 2689; x_wconf 81' lang='lat' dir='ltr'><strong>probaret,</strong></span> <span class='ocrx_word' id='word_1_159' title='bbox 310 2622 403 2670; x_wconf 83' lang='lat' dir='ltr'><strong>iterum</strong></span> <span class='ocrx_word' id='word_1_160' title='bbox 422 2626 537 2669; x_wconf 92' lang='lat' dir='ltr'><strong>mortuus</strong></span> <span class='ocrx_word' id='word_1_161' title='bbox 555 2618 670 2669; x_wconf 87' lang='lat' dir='ltr'><strong>nondum</strong></span> <span class='ocrx_word' id='word_1_162' title='bbox 689 2617 767 2669; x_wconf 84' lang='lat' dir='ltr'><strong>rediit</strong></span> <span class='ocrx_word' id='word_1_163' title='bbox 785 2621 810 2669; x_wconf 91' lang='lat' dir='ltr'><strong>in</strong></span> <span class='ocrx_word' id='word_1_164' title='bbox 829 2621 917 2671; x_wconf 79' lang='lat' dir='ltr'><strong>uitam.</strong></span> <span class='ocrx_word' id='word_1_165' title='bbox 960 2622 1002 2674; x_wconf 89' lang='lat' dir='ltr'><strong>Sic</strong></span> <span class='ocrx_word' id='word_1_166' title='bbox 1030 2622 1192 2691; x_wconf 77' lang='lat' dir='ltr'><strong>Pythagorae</strong></span> <span class='ocrx_word' id='word_1_167' title='bbox 1212 2635 1238 2676; x_wconf 85' lang='lat' dir='ltr'><strong>et</strong></span> 
     </span>
     <span class='ocr_line' id='line_1_24' title="bbox 134 2688 1236 2757; baseline 0.001 -13"><span class='ocrx_word' id='word_1_168' title='bbox 134 2693 271 2757; x_wconf 77' lang='lat' dir='ltr'><strong>Archytae</strong></span> <span class='ocrx_word' id='word_1_169' title='bbox 292 2690 496 2756; x_wconf 85' lang='lat' dir='ltr'><strong>demigratione</strong></span> <span class='ocrx_word' id='word_1_170' title='bbox 517 2697 544 2739; x_wconf 89' lang='lat' dir='ltr'><strong>et</strong></span> <span class='ocrx_word' id='word_1_171' title='bbox 570 2688 762 2742; x_wconf 82' lang='lat' dir='ltr'><strong>immortalitate</strong></span> <span class='ocrx_word' id='word_1_172' title='bbox 792 2692 934 2743; x_wconf 88' lang='lat' dir='ltr'><strong>animarum</strong></span> <span class='ocrx_word' id='word_1_173' title='bbox 953 2701 1006 2743; x_wconf 87' lang='lat' dir='ltr'><strong>tota</strong></span> <span class='ocrx_word' id='word_1_174' title='bbox 1037 2690 1152 2745; x_wconf 85' lang='lat' dir='ltr'><strong>doctrina</strong></span> <span class='ocrx_word' id='word_1_175' title='bbox 1177 2695 1236 2745; x_wconf 88' lang='lat' dir='ltr'><strong>huic</strong></span> 
     </span>
     <span class='ocr_line' id='line_1_25' title="bbox 136 2759 1237 2830; baseline 0.001 -16"><span class='ocrx_word' id='word_1_176' title='bbox 136 2772 180 2814; x_wconf 89' lang='lat' dir='ltr'><strong>est</strong></span> <span class='ocrx_word' id='word_1_177' title='bbox 199 2761 321 2813; x_wconf 88' lang='lat' dir='ltr'><strong>ludibrio.</strong></span> <span class='ocrx_word' id='word_1_178' title='bbox 366 2761 430 2812; x_wconf 82' lang='lat' dir='ltr'><strong>inde</strong></span> <span class='ocrx_word' id='word_1_179' title='bbox 453 2759 1054 2830; x_wconf 61' lang='grc' dir='ltr'>11111011ιέ111.11))11οιιῑαιοοηιρρι1ιιίο,</span> <span class='ocrx_word' id='word_1_180' title='bbox 1085 2761 1145 2816; x_wconf 88' lang='lat' dir='ltr'><strong>inde</strong></span> <span class='ocrx_word' id='word_1_181' title='bbox 1171 2765 1237 2817; x_wconf 83' lang='lat' dir='ltr'><strong>haec</strong></span> 
     </span>
     <span class='ocr_line' id='line_1_26' title="bbox 135 2825 1237 2902; baseline 0.004 -19"><span class='ocrx_word' id='word_1_182' title='bbox 135 2834 222 2884; x_wconf 84' lang='lat' dir='ltr'><strong>verba</strong></span> <span class='ocrx_word' id='word_1_183' title='bbox 240 2825 427 2898; x_wconf 75' lang='lat' dir='ltr'><strong>aereos&#39;otquc</strong></span> <span class='ocrx_word' id='word_1_184' title='bbox 448 2839 530 2881; x_wconf 67' lang='lat' dir='ltr'><strong>mrem</strong></span> <span class='ocrx_word' id='word_1_185' title='bbox 555 2845 603 2897; x_wconf 91' lang='lat' dir='ltr'><strong>pro</strong></span> <span class='ocrx_word' id='word_1_186' title='bbox 628 2843 738 2896; x_wconf 87' lang='lat' dir='ltr'><strong>corpora</strong></span> <span class='ocrx_word' id='word_1_187' title='bbox 757 2834 860 2898; x_wconf 89' lang='lat' dir='ltr'><strong>posita,</strong></span> <span class='ocrx_word' id='word_1_188' title='bbox 895 2851 927 2884; x_wconf 84' lang='lat' dir='ltr'><strong>ex</strong></span> <span class='ocrx_word' id='word_1_189' title='bbox 954 2835 1116 2902; x_wconf 69' lang='lat' dir='ltr'><strong>Pythagorae</strong></span> <span class='ocrx_word' id='word_1_190' title='bbox 1143 2853 1237 2902; x_wconf 84' lang='lat' dir='ltr'><strong>corpus</strong></span> 
     </span>
     <span class='ocr_line' id='line_1_27' title="bbox 135 2901 1238 2973; baseline 0.002 -17"><span class='ocrx_word' id='word_1_191' title='bbox 135 2920 204 2973; x_wconf 80' lang='lat' dir='ltr'><strong>prae</strong></span> <span class='ocrx_word' id='word_1_192' title='bbox 221 2906 308 2955; x_wconf 88' lang='lat' dir='ltr'><strong>animo</strong></span> <span class='ocrx_word' id='word_1_193' title='bbox 328 2903 516 2953; x_wconf 88' lang='lat' dir='ltr'><strong>contemnentis</strong></span> <span class='ocrx_word' id='word_1_194' title='bbox 535 2902 621 2952; x_wconf 88' lang='lat' dir='ltr'><strong>animo</strong></span> <span class='ocrx_word' id='word_1_195' title='bbox 640 2901 726 2964; x_wconf 83' lang='lat' dir='ltr'><strong>dicta3</strong></span> <span class='ocrx_word' id='word_1_196' title='bbox 747 2903 807 2953; x_wconf 89' lang='lat' dir='ltr'><strong>inde</strong></span> <span class='ocrx_word' id='word_1_197' title='bbox 825 2903 919 2954; x_wconf 88' lang='lat' dir='ltr'><strong>acerba</strong></span> <span class='ocrx_word' id='word_1_198' title='bbox 938 2913 966 2954; x_wconf 86' lang='lat' dir='ltr'><strong>et</strong></span> <span class='ocrx_word' id='word_1_199' title='bbox 980 2905 1044 2955; x_wconf 84' lang='lat' dir='ltr'><strong>salsa</strong></span> <span class='ocrx_word' id='word_1_200' title='bbox 1063 2903 1176 2966; x_wconf 76' lang='lat' dir='ltr'><strong>laudatio</strong></span> <span class='ocrx_word' id='word_1_201' title='bbox 1193 2911 1238 2958; x_wconf 77' lang='lat' dir='ltr'><strong>ia-</strong></span> 
     </span>
     <span class='ocr_line' id='line_1_28' title="bbox 135 2970 1237 3041; baseline 0.002 -15"><span class='ocrx_word' id='word_1_202' title='bbox 135 2976 199 3026; x_wconf 82' lang='lat' dir='ltr'><strong>dicc</strong></span> <span class='ocrx_word' id='word_1_203' title='bbox 218 2984 244 3027; x_wconf 82' lang='lat' dir='ltr'><strong>te</strong></span> <span class='ocrx_word' id='word_1_204' title='bbox 260 2989 314 3025; x_wconf 84' lang='lat' dir='ltr'><strong>nuo</strong></span> <span class='ocrx_word' id='word_1_205' title='bbox 332 2971 451 3025; x_wconf 74' lang='lat' dir='ltr'><strong>sordidus</strong></span> <span class='ocrx_word' id='word_1_206' title='bbox 469 2979 570 3024; x_wconf 77' lang='lat' dir='ltr'><strong>auctor,</strong></span> <span class='ocrx_word' id='word_1_207' title='bbox 615 2972 719 3024; x_wconf 83' lang='lat' dir='ltr'><strong>Sordidi</strong></span> <span class='ocrx_word' id='word_1_208' title='bbox 740 2975 808 3023; x_wconf 86' lang='lat' dir='ltr'><strong>enim</strong></span> <span class='ocrx_word' id='word_1_209' title='bbox 831 2973 899 3040; x_wconf 91' lang='lat' dir='ltr'><strong>apud</strong></span> <span class='ocrx_word' id='word_1_210' title='bbox 918 2970 1088 3041; x_wconf 85' lang='lat' dir='ltr'><strong>philosophos</strong></span> <span class='ocrx_word' id='word_1_211' title='bbox 1106 2986 1166 3028; x_wconf 87' lang='lat' dir='ltr'><strong>sunt</strong></span> <span class='ocrx_word' id='word_1_212' title='bbox 1188 2977 1237 3027; x_wconf 90' lang='lat' dir='ltr'><strong>bo-</strong></span> 
     </span>
     <span class='ocr_line' id='line_1_29' title="bbox 135 3042 1237 3113; baseline 0 -16"><span class='ocrx_word' id='word_1_213' title='bbox 135 3048 225 3097; x_wconf 81' lang='lat' dir='ltr'><strong>minos</strong></span> <span class='ocrx_word' id='word_1_214' title='bbox 245 3045 329 3113; x_wconf 88' lang='lat' dir='ltr'><strong>qualis</strong></span> <span class='ocrx_word' id='word_1_215' title='bbox 347 3044 485 3106; x_wconf 76' lang='lat' dir='ltr'><strong>biennum,</strong></span> <span class='ocrx_word' id='word_1_216' title='bbox 505 3043 549 3109; x_wconf 91' lang='lat' dir='ltr'><strong>qui</strong></span> <span class='ocrx_word' id='word_1_217' title='bbox 568 3042 643 3093; x_wconf 91' lang='lat' dir='ltr'><strong>bonis</strong></span> <span class='ocrx_word' id='word_1_218' title='bbox 664 3042 758 3094; x_wconf 87' lang='lat' dir='ltr'><strong>litteris</strong></span> <span class='ocrx_word' id='word_1_219' title='bbox 780 3060 793 3094; x_wconf 92' lang='lat' dir='ltr'><strong>s</strong></span> <span class='ocrx_word' id='word_1_220' title='bbox 813 3046 875 3095; x_wconf 86' lang='lat' dir='ltr'><strong>retis</strong></span> <span class='ocrx_word' id='word_1_221' title='bbox 896 3043 977 3096; x_wconf 86' lang='lat' dir='ltr'><strong>solam</strong></span> <span class='ocrx_word' id='word_1_222' title='bbox 991 3046 1127 3097; x_wconf 83' lang='lat' dir='ltr'><strong>utilitatem</strong></span> <span class='ocrx_word' id='word_1_223' title='bbox 1145 3047 1237 3098; x_wconf 88' lang='lat' dir='ltr'><strong>lauda-</strong></span> 
     </span>
     <span class='ocr_line' id='line_1_30' title="bbox 132 3060 1237 3186; baseline 0 -18"><span class='ocrx_word' id='word_1_224' title='bbox 132 3118 201 3169; x_wconf 86' lang='lat' dir='ltr'><strong>haot</strong></span> <span class='ocrx_word' id='word_1_225' title='bbox 219 3117 268 3185; x_wconf 86' lang='lat' dir='ltr'><strong>(cl.</strong></span> <span class='ocrx_word' id='word_1_226' title='bbox 288 3115 372 3166; x_wconf 79' lang='lat' dir='ltr'><strong>carm.</strong></span> <span class='ocrx_word' id='word_1_227' title='bbox 394 3109 427 3176; x_wconf 88' lang='lat'><strong>11,</strong></span> <span class='ocrx_word' id='word_1_228' title='bbox 450 3111 491 3176; x_wconf 81' lang='lat' dir='ltr'><strong>to,</strong></span> <span class='ocrx_word' id='word_1_229' title='bbox 514 3111 555 3165; x_wconf 82' lang='lat'><strong>15.</strong></span> <span class='ocrx_word' id='word_1_230' title='bbox 591 3112 646 3164; x_wconf 82' lang='lat' dir='ltr'><strong>Cic.</strong></span> <span class='ocrx_word' id='word_1_231' title='bbox 665 3113 698 3164; x_wconf 85' lang='lat' dir='ltr'><strong>de</strong></span> <span class='ocrx_word' id='word_1_232' title='bbox 717 3114 761 3165; x_wconf 85' lang='lat' dir='ltr'><strong>oli.</strong></span> <span class='ocrx_word' id='word_1_233' title='bbox 782 3060 816 3178; x_wconf 77' lang='lat' dir='ltr'><strong>id,</strong></span> <span class='ocrx_word' id='word_1_234' title='bbox 828 3113 868 3182; x_wconf 84' lang='grc'>6).</span> <span class='ocrx_word' id='word_1_235' title='bbox 904 3113 1063 3182; x_wconf 89' lang='lat' dir='ltr'><strong>Pythagoras</strong></span> <span class='ocrx_word' id='word_1_236' title='bbox 1082 3116 1163 3186; x_wconf 83' lang='lat' dir='ltr'><strong>olim,</strong></span> <span class='ocrx_word' id='word_1_237' title='bbox 1184 3132 1237 3185; x_wconf 90' lang='lat' dir='ltr'><strong>quo</strong></span> 
     </span>
     <span class='ocr_line' id='line_1_31' title="bbox 131 3182 1236 3256; baseline -0.002 -16"><span class='ocrx_word' id='word_1_238' title='bbox 131 3187 256 3240; x_wconf 82' lang='lat' dir='ltr'><strong>Troianis</strong></span> <span class='ocrx_word' id='word_1_239' title='bbox 275 3188 325 3237; x_wconf 91' lang='lat' dir='ltr'><strong>iam</strong></span> <span class='ocrx_word' id='word_1_240' title='bbox 344 3183 503 3251; x_wconf 85' lang='lat' dir='ltr'><strong>temporibus</strong></span> <span class='ocrx_word' id='word_1_241' title='bbox 523 3197 553 3234; x_wconf 87' lang='lat' dir='ltr'><strong>so</strong></span> <span class='ocrx_word' id='word_1_242' title='bbox 577 3184 676 3235; x_wconf 80' lang='lat' dir='ltr'><strong>vixisse</strong></span> <span class='ocrx_word' id='word_1_243' title='bbox 695 3185 893 3256; x_wconf 87' lang='lat' dir='ltr'><strong>comprobaret,</strong></span> <span class='ocrx_word' id='word_1_244' title='bbox 924 3182 1111 3254; x_wconf 81' lang='lat' dir='ltr'><strong>Euphorbum,</strong></span> <span class='ocrx_word' id='word_1_245' title='bbox 1129 3188 1236 3240; x_wconf 88' lang='lat' dir='ltr'><strong>Panthei</strong></span> 
     </span>
     <span class='ocr_line' id='line_1_32' title="bbox 133 3253 1237 3328; baseline 0.002 -19"><span class='ocrx_word' id='word_1_246' title='bbox 133 3257 222 3309; x_wconf 86' lang='lat' dir='ltr'><strong>lilium</strong></span> <span class='ocrx_word' id='word_1_247' title='bbox 241 3256 328 3318; x_wconf 84' lang='lat' dir='ltr'><strong>(Horu.</strong></span> <span class='ocrx_word' id='word_1_248' title='bbox 347 3254 378 3306; x_wconf 91' lang='lat' dir='ltr'><strong>li.</strong></span> <span class='ocrx_word' id='word_1_249' title='bbox 399 3254 465 3317; x_wconf 83' lang='lat' dir='ltr'><strong>XVI,</strong></span> <span class='ocrx_word' id='word_1_250' title='bbox 486 3253 561 3318; x_wconf 79' lang='lat'><strong>808),</strong></span> <span class='ocrx_word' id='word_1_251' title='bbox 579 3270 608 3305; x_wconf 90' lang='lat' dir='ltr'><strong>se</strong></span> <span class='ocrx_word' id='word_1_252' title='bbox 627 3255 710 3305; x_wconf 84' lang='lat' dir='ltr'><strong>luisse</strong></span> <span class='ocrx_word' id='word_1_253' title='bbox 729 3256 868 3307; x_wconf 83' lang='lat' dir='ltr'><strong>affirmauit</strong></span> <span class='ocrx_word' id='word_1_254' title='bbox 888 3258 1074 3326; x_wconf 87' lang='lat' dir='ltr'><strong>clipeumque,</strong></span> <span class='ocrx_word' id='word_1_255' title='bbox 1105 3276 1156 3328; x_wconf 88' lang='lat' dir='ltr'><strong>quo</strong></span> <span class='ocrx_word' id='word_1_256' title='bbox 1176 3260 1237 3311; x_wconf 89' lang='lat' dir='ltr'><strong>oiim</strong></span> 
     </span>
     <span class='ocr_line' id='line_1_33' title="bbox 131 3324 1237 3396; baseline 0.002 -18"><span class='ocrx_word' id='word_1_257' title='bbox 131 3345 203 3380; x_wconf 81' lang='lat' dir='ltr'><strong>usus</strong></span> <span class='ocrx_word' id='word_1_258' title='bbox 223 3336 308 3390; x_wconf 77' lang='lat' dir='ltr'><strong>esset,</strong></span> <span class='ocrx_word' id='word_1_259' title='bbox 339 3328 408 3376; x_wconf 86' lang='lat' dir='ltr'><strong>iuter</strong></span> <span class='ocrx_word' id='word_1_260' title='bbox 425 3324 520 3376; x_wconf 87' lang='lat' dir='ltr'><strong>multos</strong></span> <span class='ocrx_word' id='word_1_261' title='bbox 544 3324 609 3376; x_wconf 87' lang='lat' dir='ltr'><strong>alios</strong></span> <span class='ocrx_word' id='word_1_262' title='bbox 635 3326 778 3393; x_wconf 87' lang='lat' dir='ltr'><strong>intemplo</strong></span> <span class='ocrx_word' id='word_1_263' title='bbox 799 3325 906 3380; x_wconf 88' lang='lat' dir='ltr'><strong>lunonis</strong></span> <span class='ocrx_word' id='word_1_264' title='bbox 924 3329 991 3381; x_wconf 87' lang='lat' dir='ltr'><strong>haud</strong></span> <span class='ocrx_word' id='word_1_265' title='bbox 1011 3330 1101 3396; x_wconf 87' lang='lat' dir='ltr'><strong>procul</strong></span> <span class='ocrx_word' id='word_1_266' title='bbox 1122 3333 1237 3396; x_wconf 86' lang='lat' dir='ltr'><strong>dlycenis</strong></span> 
     </span>
     <span class='ocr_line' id='line_1_34' title="bbox 133 3393 1237 3467; baseline 0 -16"><span class='ocrx_word' id='word_1_267' title='bbox 133 3399 235 3451; x_wconf 77' lang='lat' dir='ltr'><strong>affixos</strong></span> <span class='ocrx_word' id='word_1_268' title='bbox 253 3398 393 3459; x_wconf 52' lang='lat' dir='ltr'><strong>ostendite</strong></span> <span class='ocrx_word' id='word_1_269' title='bbox 405 3411 457 3465; x_wconf 87' lang='lat' dir='ltr'><strong>quo</strong></span> <span class='ocrx_word' id='word_1_270' title='bbox 478 3395 565 3463; x_wconf 86' lang='lat' dir='ltr'><strong>clipeo</strong></span> <span class='ocrx_word' id='word_1_271' title='bbox 583 3393 663 3462; x_wconf 69' lang='lat' dir='ltr'><strong>refixo</strong></span> <span class='ocrx_word' id='word_1_272' title='bbox 681 3397 699 3446; x_wconf 90' lang='lat' dir='ltr'><strong>i.</strong></span> <span class='ocrx_word' id='word_1_273' title='bbox 716 3413 739 3448; x_wconf 84' lang='lat' dir='ltr'><strong>e.</strong></span> <span class='ocrx_word' id='word_1_274' title='bbox 758 3397 875 3450; x_wconf 84' lang='lat' dir='ltr'><strong>detracto</strong></span> <span class='ocrx_word' id='word_1_275' title='bbox 894 3401 928 3466; x_wconf 83' lang='lat' dir='ltr'><strong>(E</strong></span> <span class='ocrx_word' id='word_1_276' title='bbox 949 3403 988 3453; x_wconf 83' lang='lat' dir='ltr'><strong>ist.</strong></span> <span class='ocrx_word' id='word_1_277' title='bbox 1006 3399 1134 3464; x_wconf 86' lang='grc'>1,18,56.</span> <span class='ocrx_word' id='word_1_278' title='bbox 1155 3402 1237 3467; x_wconf 77' lang='lat' dir='ltr'><strong>Epod.</strong></span> 
     </span>
     <span class='ocr_line' id='line_1_35' title="bbox 133 3417 1239 3538; baseline -0.001 -16"><span class='ocrx_word' id='word_1_279' title='bbox 133 3470 183 3532; x_wconf 90' lang='grc'><strong>17,</strong></span> <span class='ocrx_word' id='word_1_280' title='bbox 203 3472 233 3538; x_wconf 82' lang='grc'><strong>5)</strong></span> <span class='ocrx_word' id='word_1_281' title='bbox 266 3467 399 3536; x_wconf 73' lang='lat' dir='ltr'><strong>Euphorbi</strong></span> <span class='ocrx_word' id='word_1_282' title='bbox 425 3482 520 3518; x_wconf 88' lang='lat' dir='ltr'><strong>nornen</strong></span> <span class='ocrx_word' id='word_1_283' title='bbox 541 3477 604 3518; x_wconf 82' lang='lat' dir='ltr'><strong>vere</strong></span> <span class='ocrx_word' id='word_1_284' title='bbox 623 3469 757 3518; x_wconf 83' lang='lat' dir='ltr'><strong>inventurn</strong></span> <span class='ocrx_word' id='word_1_285' title='bbox 778 3469 893 3521; x_wconf 88' lang='lat' dir='ltr'><strong>traditur.</strong></span> <span class='ocrx_word' id='word_1_286' title='bbox 929 3417 968 3522; x_wconf 58' lang='lat' dir='ltr'><strong>Ee</strong></span> <span class='ocrx_word' id='word_1_287' title='bbox 993 3487 1045 3538; x_wconf 86' lang='lat' dir='ltr'><strong>qua</strong></span> <span class='ocrx_word' id='word_1_288' title='bbox 1074 3489 1103 3524; x_wconf 88' lang='lat' dir='ltr'><strong>re</strong></span> <span class='ocrx_word' id='word_1_289' title='bbox 1134 3469 1239 3536; x_wconf 84' lang='lat' dir='ltr'><strong>legatur</strong></span> 
     </span>
     <span class='ocr_line' id='line_1_36' title="bbox 131 3536 1237 3608; baseline -0.002 -15"><span class='ocrx_word' id='word_1_290' title='bbox 131 3540 214 3593; x_wconf 71' lang='lat' dir='ltr'><strong>ocra</strong></span> <span class='ocrx_word' id='word_1_291' title='bbox 235 3541 295 3592; x_wconf 84' lang='lat' dir='ltr'><strong>liet.</strong></span> <span class='ocrx_word' id='word_1_292' title='bbox 316 3540 370 3602; x_wconf 84' lang='lat' dir='ltr'><strong>XV,</strong></span> <span class='ocrx_word' id='word_1_293' title='bbox 383 3538 495 3606; x_wconf 82' lang='lat' dir='ltr'><strong>1oosqq.</strong></span> <span class='ocrx_word' id='word_1_294' title='bbox 531 3536 585 3587; x_wconf 89' lang='lat' dir='ltr'><strong>lam</strong></span> <span class='ocrx_word' id='word_1_295' title='bbox 603 3546 720 3604; x_wconf 89' lang='lat' dir='ltr'><strong>apertum</strong></span> <span class='ocrx_word' id='word_1_296' title='bbox 740 3543 788 3603; x_wconf 89' lang='lat' dir='ltr'><strong>est,</strong></span> <span class='ocrx_word' id='word_1_297' title='bbox 804 3541 908 3608; x_wconf 89' lang='lat' dir='ltr'><strong>opinor,</strong></span> <span class='ocrx_word' id='word_1_298' title='bbox 930 3540 990 3608; x_wconf 91' lang='lat' dir='ltr'><strong>quid</strong></span> <span class='ocrx_word' id='word_1_299' title='bbox 1010 3557 1100 3593; x_wconf 88' lang='lat' dir='ltr'><strong>uersus</strong></span> <span class='ocrx_word' id='word_1_300' title='bbox 1119 3542 1201 3592; x_wconf 84' lang='lat' dir='ltr'><strong>velint</strong></span> <span class='ocrx_word' id='word_1_301' title='bbox 1220 3543 1237 3591; x_wconf 92' lang='grc'><strong>1</strong></span> 
     </span>
     <span class='ocr_line' id='line_1_37' title="bbox 131 3609 1236 3678; baseline 0 -16"><span class='ocrx_word' id='word_1_302' title='bbox 131 3620 164 3662; x_wconf 87' lang='lat' dir='ltr'><strong>ct</strong></span> <span class='ocrx_word' id='word_1_303' title='bbox 183 3609 209 3662; x_wconf 80' lang='grc'>3.</span> <span class='ocrx_word' id='word_1_304' title='bbox 257 3609 322 3662; x_wconf 81' lang='lat' dir='ltr'><strong>Nara</strong></span> <span class='ocrx_word' id='word_1_305' title='bbox 349 3618 396 3671; x_wconf 89' lang='lat' dir='ltr'><strong>te,</strong></span> <span class='ocrx_word' id='word_1_306' title='bbox 415 3610 498 3677; x_wconf 89' lang='lat' dir='ltr'><strong>inquit</strong></span> <span class='ocrx_word' id='word_1_307' title='bbox 515 3615 614 3672; x_wconf 88' lang='lat' dir='ltr'><strong>nauta,</strong></span> <span class='ocrx_word' id='word_1_308' title='bbox 633 3610 676 3675; x_wconf 90' lang='lat' dir='ltr'><strong>qui</strong></span> <span class='ocrx_word' id='word_1_309' title='bbox 695 3615 775 3662; x_wconf 82' lang='lat' dir='ltr'><strong>totam</strong></span> <span class='ocrx_word' id='word_1_310' title='bbox 796 3618 888 3662; x_wconf 88' lang='lat' dir='ltr'><strong>terram</strong></span> <span class='ocrx_word' id='word_1_311' title='bbox 906 3619 993 3663; x_wconf 82' lang='lat' dir='ltr'><strong>mento</strong></span> <span class='ocrx_word' id='word_1_312' title='bbox 1013 3609 1236 3678; x_wconf 88' lang='lat' dir='ltr'><strong>complectebaris,</strong></span> 
     </span>
     <span class='ocr_line' id='line_1_38' title="bbox 129 3677 1236 3749; baseline -0.001 -16"><span class='ocrx_word' id='word_1_313' title='bbox 129 3697 208 3733; x_wconf 85' lang='lat' dir='ltr'><strong>nuuc</strong></span> <span class='ocrx_word' id='word_1_314' title='bbox 229 3681 449 3749; x_wconf 80' lang='lat' dir='ltr'><strong>cohibeat-porca</strong></span> <span class='ocrx_word' id='word_1_315' title='bbox 463 3695 573 3730; x_wconf 80' lang='lat' dir='ltr'><strong>munera</strong></span> <span class='ocrx_word' id='word_1_316' title='bbox 588 3678 703 3747; x_wconf 82' lang='lat' dir='ltr'><strong>pulveris</strong></span> <span class='ocrx_word' id='word_1_317' title='bbox 721 3677 826 3748; x_wconf 73' lang='lat' dir='ltr'><strong>eripui:</strong></span> <span class='ocrx_word' id='word_1_318' title='bbox 856 3684 906 3733; x_wconf 82' lang='lat' dir='ltr'><strong>ie</strong></span> <span class='ocrx_word' id='word_1_319' title='bbox 941 3689 968 3732; x_wconf 94' lang='lat' dir='ltr'><strong>tu</strong></span> <span class='ocrx_word' id='word_1_320' title='bbox 986 3698 1055 3732; x_wconf 90' lang='lat' dir='ltr'><strong>nunc</strong></span> <span class='ocrx_word' id='word_1_321' title='bbox 1073 3690 1158 3732; x_wconf 85' lang='lat' dir='ltr'><strong>terrae</strong></span> <span class='ocrx_word' id='word_1_322' title='bbox 1179 3683 1236 3732; x_wconf 88' lang='lat' dir='ltr'><strong>exi-</strong></span> 
     </span>
     <span class='ocr_line' id='line_1_39' title="bbox 129 3750 1235 3821; baseline -0.001 -18"><span class='ocrx_word' id='word_1_323' title='bbox 129 3767 216 3821; x_wconf 83' lang='lat' dir='ltr'><strong>guam</strong></span> <span class='ocrx_word' id='word_1_324' title='bbox 234 3759 352 3817; x_wconf 82' lang='lat' dir='ltr'><strong>partem,</strong></span> <span class='ocrx_word' id='word_1_325' title='bbox 379 3752 501 3818; x_wconf 82' lang='lat' dir='ltr'><strong>exiguum</strong></span> <span class='ocrx_word' id='word_1_326' title='bbox 522 3750 633 3815; x_wconf 81' lang='lat' dir='ltr'><strong>spatium</strong></span> <span class='ocrx_word' id='word_1_327' title='bbox 651 3754 771 3817; x_wconf 82' lang='lat' dir='ltr'><strong>occupas.</strong></span> <span class='ocrx_word' id='word_1_328' title='bbox 817 3750 879 3802; x_wconf 88' lang='lat' dir='ltr'><strong>Tum</strong></span> <span class='ocrx_word' id='word_1_329' title='bbox 908 3753 1026 3803; x_wconf 82' lang='lat' dir='ltr'><strong>cohibere</strong></span> <span class='ocrx_word' id='word_1_330' title='bbox 1051 3750 1157 3803; x_wconf 86' lang='lat' dir='ltr'><strong>verbum</strong></span> <span class='ocrx_word' id='word_1_331' title='bbox 1175 3753 1235 3820; x_wconf 90' lang='lat' dir='ltr'><strong>quid</strong></span> 
     </span>
     <span class='ocr_line' id='line_1_40' title="bbox 129 3818 1236 3888; baseline -0.002 -14"><span class='ocrx_word' id='word_1_332' title='bbox 129 3826 180 3886; x_wconf 80' lang='lat' dir='ltr'><strong>sit,</strong></span> <span class='ocrx_word' id='word_1_333' title='bbox 202 3821 283 3873; x_wconf 86' lang='lat' dir='ltr'><strong>laciie</strong></span> <span class='ocrx_word' id='word_1_334' title='bbox 301 3823 446 3888; x_wconf 88' lang='lat' dir='ltr'><strong>perspicies</strong></span> <span class='ocrx_word' id='word_1_335' title='bbox 464 3833 497 3871; x_wconf 77' lang='lat' dir='ltr'><strong>ex</strong></span> <span class='ocrx_word' id='word_1_336' title='bbox 518 3820 604 3880; x_wconf 59' lang='lat' dir='ltr'><strong>(darm.⁴</strong></span> <span class='ocrx_word' id='word_1_337' title='bbox 628 3820 662 3884; x_wconf 92' lang='lat' dir='ltr'><strong>ll,</strong></span> <span class='ocrx_word' id='word_1_338' title='bbox 681 3821 725 3886; x_wconf 80' lang='lat'><strong>20,</strong></span> <span class='ocrx_word' id='word_1_339' title='bbox 742 3821 768 3872; x_wconf 89' lang='lat'><strong>8.</strong></span> <span class='ocrx_word' id='word_1_340' title='bbox 798 3818 951 3884; x_wconf 80' lang='grc'>111,4,80,</span> <span class='ocrx_word' id='word_1_341' title='bbox 984 3819 1030 3884; x_wconf 87' lang='lat'><strong>111,</strong></span> <span class='ocrx_word' id='word_1_342' title='bbox 1053 3823 1094 3882; x_wconf 73' lang='grc'><strong>11,</strong></span> <span class='ocrx_word' id='word_1_343' title='bbox 1113 3823 1156 3872; x_wconf 81' lang='grc'><strong>11.</strong></span> <span class='ocrx_word' id='word_1_344' title='bbox 1194 3821 1236 3884; x_wconf 59' lang='lat' dir='ltr'><strong>lli,</strong></span> 
     </span>
     <span class='ocr_line' id='line_1_41' title="bbox 129 3890 1237 3961; baseline -0.002 -16"><span class='ocrx_word' id='word_1_345' title='bbox 129 3893 160 3956; x_wconf 79' lang='lat'><strong>6,</strong></span> <span class='ocrx_word' id='word_1_346' title='bbox 171 3894 227 3954; x_wconf 71' lang='lat'><strong>343</strong></span> <span class='ocrx_word' id='word_1_347' title='bbox 245 3909 307 3944; x_wconf 83' lang='lat' dir='ltr'><strong>curu</strong></span> <span class='ocrx_word' id='word_1_348' title='bbox 324 3891 419 3961; x_wconf 89' lang='lat' dir='ltr'><strong>quihus</strong></span> <span class='ocrx_word' id='word_1_349' title='bbox 433 3894 456 3943; x_wconf 88' lang='lat' dir='ltr'><strong>si</strong></span> <span class='ocrx_word' id='word_1_350' title='bbox 472 3893 663 3959; x_wconf 82' lang='lat' dir='ltr'><strong>comparaveris</strong></span> <span class='ocrx_word' id='word_1_351' title='bbox 681 3891 714 3955; x_wconf 90' lang='grc'><strong>11,</strong></span> <span class='ocrx_word' id='word_1_352' title='bbox 739 3891 780 3953; x_wconf 83' lang='grc'><strong>18,</strong></span> <span class='ocrx_word' id='word_1_353' title='bbox 797 3890 840 3942; x_wconf 85' lang='grc'>38.</span> <span class='ocrx_word' id='word_1_354' title='bbox 863 3891 998 3956; x_wconf 70' lang='grc'>1111119,</span> <span class='ocrx_word' id='word_1_355' title='bbox 1018 3891 1159 3946; x_wconf 88' lang='lat' dir='ltr'><strong>illudidcm</strong></span> <span class='ocrx_word' id='word_1_356' title='bbox 1177 3909 1237 3943; x_wconf 87' lang='lat' dir='ltr'><strong>esse</strong></span> 
     </span>
     <span class='ocr_line' id='line_1_42' title="bbox 127 3962 1237 4032; baseline 0 -17"><span class='ocrx_word' id='word_1_357' title='bbox 127 3963 241 4015; x_wconf 77' lang='lat' dir='ltr'><strong>videbis</strong></span> <span class='ocrx_word' id='word_1_358' title='bbox 265 3962 336 4032; x_wconf 88' lang='lat' dir='ltr'><strong>quod</strong></span> <span class='ocrx_word' id='word_1_359' title='bbox 363 3975 484 4016; x_wconf 81' lang='lat' dir='ltr'><strong>coercere</strong></span> <span class='ocrx_word' id='word_1_360' title='bbox 501 3964 519 4012; x_wconf 95' lang='grc'><strong>1.</strong></span> <span class='ocrx_word' id='word_1_361' title='bbox 541 3977 564 4013; x_wconf 86' lang='lat' dir='ltr'><strong>e.</strong></span> <span class='ocrx_word' id='word_1_362' title='bbox 586 3962 724 4027; x_wconf 88' lang='lat' dir='ltr'><strong>prohibere</strong></span> <span class='ocrx_word' id='word_1_363' title='bbox 750 3977 783 4011; x_wconf 90' lang='lat' dir='ltr'><strong>ne</strong></span> <span class='ocrx_word' id='word_1_364' title='bbox 809 3962 871 4028; x_wconf 90' lang='lat' dir='ltr'><strong>quid</strong></span> <span class='ocrx_word' id='word_1_365' title='bbox 893 3962 962 4013; x_wconf 88' lang='lat' dir='ltr'><strong>ultra</strong></span> <span class='ocrx_word' id='word_1_366' title='bbox 986 3969 1083 4013; x_wconf 87' lang='lat' dir='ltr'><strong>certum</strong></span> <span class='ocrx_word' id='word_1_367' title='bbox 1109 3962 1237 4030; x_wconf 85' lang='lat' dir='ltr'><strong>quendam</strong></span> 
     </span>
     <span class='ocr_line' id='line_1_43' title="bbox 127 4032 1236 4102; baseline -0.002 -16"><span class='ocrx_word' id='word_1_368' title='bbox 127 4036 278 4087; x_wconf 82' lang='lat' dir='ltr'><strong>terminum</strong></span> <span class='ocrx_word' id='word_1_369' title='bbox 296 4041 433 4099; x_wconf 78' lang='lat' dir='ltr'><strong>evagatae,</strong></span> <span class='ocrx_word' id='word_1_370' title='bbox 453 4033 642 4100; x_wconf 86' lang='lat' dir='ltr'><strong>progrediatur.</strong></span> <span class='ocrx_word' id='word_1_371' title='bbox 672 4061 707 4074; x_wconf 52' lang='grc' dir='ltr'><strong>ω-</strong></span> <span class='ocrx_word' id='word_1_372' title='bbox 733 4032 872 4101; x_wconf 79' lang='lat' dir='ltr'><strong>Matinum]</strong></span> <span class='ocrx_word' id='word_1_373' title='bbox 895 4033 1026 4084; x_wconf 86' lang='lat' dir='ltr'><strong>aldatino</strong></span> <span class='ocrx_word' id='word_1_374' title='bbox 1044 4032 1156 4100; x_wconf 76' lang='lat' dir='ltr'><strong>Apuliae</strong></span> <span class='ocrx_word' id='word_1_375' title='bbox 1173 4045 1236 4102; x_wconf 85' lang='lat' dir='ltr'><strong>pro-</strong></span> 
     </span>
     <span class='ocr_line' id='line_1_44' title="bbox 126 4102 1235 4173; baseline -0.004 -16"><span class='ocrx_word' id='word_1_376' title='bbox 126 4106 276 4157; x_wconf 84' lang='lat' dir='ltr'><strong>montorio.</strong></span> <span class='ocrx_word' id='word_1_377' title='bbox 315 4103 453 4156; x_wconf 74' lang='lat' dir='ltr'><strong>chcarm.</strong></span> <span class='ocrx_word' id='word_1_378' title='bbox 475 4104 567 4166; x_wconf 79' lang='lat' dir='ltr'><strong>tt⁷‚2‚</strong></span> <span class='ocrx_word' id='word_1_379' title='bbox 588 4103 632 4155; x_wconf 89' lang='grc'><strong>17.</strong></span> <span class='ocrx_word' id='word_1_380' title='bbox 665 4102 751 4169; x_wconf 82' lang='lat' dir='ltr'><strong>Epod.</strong></span> <span class='ocrx_word' id='word_1_381' title='bbox 774 4103 816 4167; x_wconf 84' lang='lat'><strong>16,</strong></span> <span class='ocrx_word' id='word_1_382' title='bbox 834 4104 876 4155; x_wconf 87' lang='grc'><strong>18.</strong></span> <span class='ocrx_word' id='word_1_383' title='bbox 907 4134 939 4143; x_wconf 94' lang='grc'><strong>-</strong></span> <span class='ocrx_word' id='word_1_384' title='bbox 978 4105 1066 4155; x_wconf 75' lang='lat' dir='ltr'><strong>aerios</strong></span> <span class='ocrx_word' id='word_1_385' title='bbox 1085 4104 1183 4173; x_wconf 74' lang='lat' dir='ltr'><strong>domoc]</strong></span> <span class='ocrx_word' id='word_1_386' title='bbox 1202 4106 1235 4154; x_wconf 84' lang='lat' dir='ltr'><strong>cl.</strong></span> 
     </span>
     <span class='ocr_line' id='line_1_45' title="bbox 125 4168 1236 4243; baseline -0.002 -15"><span class='ocrx_word' id='word_1_387' title='bbox 125 4176 220 4228; x_wconf 76' lang='lat' dir='ltr'><strong>Carra.</strong></span> <span class='ocrx_word' id='word_1_388' title='bbox 241 4175 261 4239; x_wconf 90' lang='lat'><strong>1,</strong></span> <span class='ocrx_word' id='word_1_389' title='bbox 276 4173 304 4238; x_wconf 79' lang='grc'>3,</span> <span class='ocrx_word' id='word_1_390' title='bbox 314 4175 358 4226; x_wconf 82' lang='grc'><strong>19.</strong></span> <span class='ocrx_word' id='word_1_391' title='bbox 379 4207 412 4217; x_wconf 92' lang='lat'><em>-</em></span> <span class='ocrx_word' id='word_1_392' title='bbox 428 4174 527 4243; x_wconf 81' lang='lat' dir='ltr'><strong>polum]</strong></span> <span class='ocrx_word' id='word_1_393' title='bbox 545 4168 595 4225; x_wconf 85' lang='lat' dir='ltr'><strong>Per</strong></span> <span class='ocrx_word' id='word_1_394' title='bbox 611 4173 795 4238; x_wconf 72' lang='lat' dir='ltr'><strong>synecdochen</strong></span> <span class='ocrx_word' id='word_1_395' title='bbox 817 4175 921 4238; x_wconf 90' lang='lat' dir='ltr'><strong>ponitur</strong></span> <span class='ocrx_word' id='word_1_396' title='bbox 939 4175 1035 4241; x_wconf 83' lang='lat' dir='ltr'><strong>passim</strong></span> <span class='ocrx_word' id='word_1_397' title='bbox 1053 4189 1069 4226; x_wconf 88' lang='lat' dir='ltr'><strong>a</strong></span> <span class='ocrx_word' id='word_1_398' title='bbox 1086 4175 1171 4243; x_wconf 86' lang='lat' dir='ltr'><strong>poetis</strong></span> <span class='ocrx_word' id='word_1_399' title='bbox 1190 4191 1236 4243; x_wconf 90' lang='lat' dir='ltr'><strong>pro</strong></span> 
     </span>
     <span class='ocr_line' id='line_1_46' title="bbox 123 4244 853 4315; baseline -0.005 -17"><span class='ocrx_word' id='word_1_400' title='bbox 123 4249 191 4315; x_wconf 83' lang='lat' dir='ltr'><strong>ipso</strong></span> <span class='ocrx_word' id='word_1_401' title='bbox 211 4245 306 4309; x_wconf 86' lang='lat' dir='ltr'><strong>eoalo;</strong></span> <span class='ocrx_word' id='word_1_402' title='bbox 324 4244 408 4312; x_wconf 86' lang='lat' dir='ltr'><strong>Epod.</strong></span> <span class='ocrx_word' id='word_1_403' title='bbox 430 4245 471 4309; x_wconf 89' lang='grc'><strong>17,</strong></span> <span class='ocrx_word' id='word_1_404' title='bbox 491 4245 534 4297; x_wconf 89' lang='grc'>77.</span> <span class='ocrx_word' id='word_1_405' title='bbox 562 4245 632 4310; x_wconf 83' lang='lat' dir='ltr'><strong>virg.</strong></span> <span class='ocrx_word' id='word_1_406' title='bbox 655 4244 721 4294; x_wconf 74' lang='lat' dir='ltr'><strong>Aeo.</strong></span> <span class='ocrx_word' id='word_1_407' title='bbox 741 4245 773 4306; x_wconf 87' lang='lat' dir='ltr'><strong>V,</strong></span> <span class='ocrx_word' id='word_1_408' title='bbox 793 4245 853 4296; x_wconf 90' lang='grc'>711.</span> 
     </span>
    </p>
   </div>
   <div class='ocr_carea' id='block_1_4' title="bbox 123 4338 1238 4622">
    <p class='ocr_par' dir='ltr' id='par_1_4' title="bbox 123 4338 1238 4622">
     <span class='ocr_line' id='line_1_47' title="bbox 204 4338 1234 4410; baseline -0.003 -16"><span class='ocrx_word' id='word_1_409' title='bbox 204 4344 235 4397; x_wconf 66' lang='lat' dir='ltr'><strong>V,</strong></span> <span class='ocrx_word' id='word_1_410' title='bbox 262 4343 303 4397; x_wconf 83' lang='lat'><strong>13.</strong></span> <span class='ocrx_word' id='word_1_411' title='bbox 324 4345 499 4410; x_wconf 81' lang='lat' dir='ltr'><strong>concesserat]</strong></span> <span class='ocrx_word' id='word_1_412' title='bbox 524 4339 621 4392; x_wconf 85' lang='lat' dir='ltr'><strong>Poetae</strong></span> <span class='ocrx_word' id='word_1_413' title='bbox 639 4353 691 4390; x_wconf 92' lang='lat' dir='ltr'><strong>non</strong></span> <span class='ocrx_word' id='word_1_414' title='bbox 709 4339 850 4396; x_wconf 87' lang='lat' dir='ltr'><strong>abhorrent</strong></span> <span class='ocrx_word' id='word_1_415' title='bbox 867 4338 899 4389; x_wconf 90' lang='lat' dir='ltr'><strong>ab</strong></span> <span class='ocrx_word' id='word_1_416' title='bbox 919 4338 1060 4391; x_wconf 83' lang='lat' dir='ltr'><strong>indicativo</strong></span> <span class='ocrx_word' id='word_1_417' title='bbox 1083 4341 1151 4407; x_wconf 91' lang='lat' dir='ltr'><strong>apud</strong></span> <span class='ocrx_word' id='word_1_418' title='bbox 1169 4348 1234 4406; x_wconf 85' lang='lat' dir='ltr'><strong>part.</strong></span> 
     </span>
     <span class='ocr_line' id='line_1_48' title="bbox 124 4408 1237 4485; baseline -0.009 -18"><span class='ocrx_word' id='word_1_419' title='bbox 124 4418 260 4485; x_wconf 63' lang='lat' dir='ltr'><strong>quamam,</strong></span> <span class='ocrx_word' id='word_1_420' title='bbox 282 4430 340 4465; x_wconf 88' lang='lat' dir='ltr'><strong>cum</strong></span> <span class='ocrx_word' id='word_1_421' title='bbox 362 4414 514 4479; x_wconf 88' lang='lat' dir='ltr'><strong>pracsertim</strong></span> <span class='ocrx_word' id='word_1_422' title='bbox 534 4427 586 4460; x_wconf 92' lang='lat' dir='ltr'><strong>non</strong></span> <span class='ocrx_word' id='word_1_423' title='bbox 607 4413 719 4476; x_wconf 85' lang='lat' dir='ltr'><strong>cogitata</strong></span> <span class='ocrx_word' id='word_1_424' title='bbox 741 4408 787 4461; x_wconf 89' lang='lat' dir='ltr'><strong>scd</strong></span> <span class='ocrx_word' id='word_1_425' title='bbox 807 4418 877 4459; x_wconf 88' lang='lat' dir='ltr'><strong>certa</strong></span> <span class='ocrx_word' id='word_1_426' title='bbox 897 4426 938 4460; x_wconf 88' lang='lat' dir='ltr'><strong>res</strong></span> <span class='ocrx_word' id='word_1_427' title='bbox 958 4411 1126 4476; x_wconf 86' lang='lat' dir='ltr'><strong>significatur.</strong></span> <span class='ocrx_word' id='word_1_428' title='bbox 1161 4409 1237 4474; x_wconf 81' lang='lat' dir='ltr'><strong>Apud</strong></span> 
     </span>
     <span class='ocr_line' id='line_1_49' title="bbox 123 4479 1237 4550; baseline -0.009 -13"><span class='ocrx_word' id='word_1_429' title='bbox 123 4487 271 4537; x_wconf 77' lang='lat' dir='ltr'><strong>Horatium</strong></span> <span class='ocrx_word' id='word_1_430' title='bbox 298 4499 422 4550; x_wconf 86' lang='lat' dir='ltr'><strong>compara</strong></span> <span class='ocrx_word' id='word_1_431' title='bbox 454 4482 538 4548; x_wconf 88' lang='lat' dir='ltr'><strong>Epist.</strong></span> <span class='ocrx_word' id='word_1_432' title='bbox 561 4481 582 4542; x_wconf 94' lang='lat' dir='ltr'><strong>l,</strong></span> <span class='ocrx_word' id='word_1_433' title='bbox 604 4481 645 4540; x_wconf 82' lang='lat'><strong>14,</strong></span> <span class='ocrx_word' id='word_1_434' title='bbox 663 4481 689 4534; x_wconf 88' lang='lat'><strong>6.</strong></span> <span class='ocrx_word' id='word_1_435' title='bbox 723 4479 744 4544; x_wconf 89' lang='lat'><strong>1,</strong></span> <span class='ocrx_word' id='word_1_436' title='bbox 766 4482 808 4538; x_wconf 93' lang='grc'><strong>17,</strong></span> <span class='ocrx_word' id='word_1_437' title='bbox 832 4482 854 4530; x_wconf 93' lang='grc'><strong>1.</strong></span> <span class='ocrx_word' id='word_1_438' title='bbox 874 4480 916 4531; x_wconf 87' lang='grc'><strong>11.</strong></span> <span class='ocrx_word' id='word_1_439' title='bbox 958 4480 989 4531; x_wconf 82' lang='grc' dir='ltr'>Α.</span> <span class='ocrx_word' id='word_1_440' title='bbox 1010 4481 1036 4532; x_wconf 86' lang='grc' dir='ltr'>Ρ.</span> <span class='ocrx_word' id='word_1_441' title='bbox 1057 4481 1117 4532; x_wconf 81' lang='grc'>366.</span> <span class='ocrx_word' id='word_1_442' title='bbox 1154 4479 1237 4529; x_wconf 83' lang='lat' dir='ltr'><strong>Carra.</strong></span> 
     </span>
     <span class='ocr_line' id='line_1_50' title="bbox 123 4547 1238 4622; baseline -0.01 -13"><span class='ocrx_word' id='word_1_443' title='bbox 123 4556 174 4622; x_wconf 87' lang='lat' dir='ltr'><strong>tlt,</strong></span> <span class='ocrx_word' id='word_1_444' title='bbox 194 4557 222 4622; x_wconf 88' lang='grc'><strong>7,</strong></span> <span class='ocrx_word' id='word_1_445' title='bbox 243 4558 289 4610; x_wconf 82' lang='lat'><strong>25.</strong></span> <span class='ocrx_word' id='word_1_446' title='bbox 309 4554 356 4621; x_wconf 86' lang='lat' dir='ltr'><strong>tlt,</strong></span> <span class='ocrx_word' id='word_1_447' title='bbox 379 4553 422 4618; x_wconf 86' lang='lat'><strong>10,</strong></span> <span class='ocrx_word' id='word_1_448' title='bbox 443 4552 493 4615; x_wconf 74' lang='lat'><strong>133</strong></span> <span class='ocrx_word' id='word_1_449' title='bbox 513 4553 694 4604; x_wconf 72' lang='lat' dir='ltr'><strong>coniunctivae</strong></span> <span class='ocrx_word' id='word_1_450' title='bbox 713 4560 752 4605; x_wconf 82' lang='lat' dir='ltr'><strong>est</strong></span> <span class='ocrx_word' id='word_1_451' title='bbox 776 4550 861 4602; x_wconf 61' lang='lat' dir='ltr'><strong>Carnu·</strong></span> <span class='ocrx_word' id='word_1_452' title='bbox 880 4550 966 4614; x_wconf 70' lang='grc'>1111,</span> <span class='ocrx_word' id='word_1_453' title='bbox 986 4552 1028 4602; x_wconf 81' lang='grc'>39.</span> <span class='ocrx_word' id='word_1_454' title='bbox 1048 4547 1091 4613; x_wconf 88' lang='lat' dir='ltr'><strong>tv,</strong></span> <span class='ocrx_word' id='word_1_455' title='bbox 1109 4549 1135 4612; x_wconf 84' lang='lat'><strong>6,</strong></span> <span class='ocrx_word' id='word_1_456' title='bbox 1153 4550 1186 4610; x_wconf 75' lang='lat'><strong>63</strong></span> <span class='ocrx_word' id='word_1_457' title='bbox 1207 4566 1238 4599; x_wconf 78' lang='lat' dir='ltr'><strong>cx</strong></span> 
     </span>
    </p>
   </div>
   <div class='ocr_carea' id='block_1_5' title="bbox 0 0 1564 5042">
    <p class='ocr_par' dir='ltr' id='par_1_5' title="bbox 0 0 1564 5042">
     <span class='ocr_line' id='line_1_51' title="bbox 0 0 1564 5042; baseline 0 1"><span class='ocrx_word' id='word_1_458' title='bbox 0 0 1564 5042; x_wconf 95' lang='lat' dir='ltr'><strong> </strong></span> 
     </span>
    </p>
   </div>
  </div>
 </body>
</html>
