3117 5042
733 330 1005 395 conminuit

561 513 737 593 Luciumque
758 513 902 573 somenae
921 528 1098 592 gravesque

602 620 773 701 Principum
793 618 944 682 amicitias
964 625 996 679 et
1017 635 1106 681 arms

487 791 500 831 s
520 770 659 834 Nondum
681 769 816 850 expiatis
836 781 930 834 uncte
949 769 1132 844 cruoribus,

519 879 714 942 Periculosae
732 859 856 959 plenum
877 896 954 959 opus
976 876 1085 952 aleae,

557 987 690 1049 'l'ractss
712 992 743 1047 et
763 984 880 1047 incedis
902 1001 959 1065 per
981 982 1072 1065 ignes

603 1092 789 1175 Suppositos
810 1092 907 1155 cineri
928 1092 1046 1154 doloso.

521 1243 647 1306 Paulum
667 1258 797 1303 severae
816 1240 906 1304 Musa
925 1238 1108 1320 tragoediae

470 1372 498 1410 m
521 1350 607 1413 Desit
629 1350 784 1411 theatris:
803 1366 876 1424 mox
897 1347 948 1409 nbi
969 1346 1110 1427 publicas

560 1460 622 1520 Res
641 1456 819 1532 ordinaris,
843 1455 963 1535 grande
984 1472 1092 1526 munus

601 1565 754 1646 cecrcpm
772 1571 892 1646 repetes
904 1607 906 1612 .
916 1561 1088 1640 cutburno,

521 1716 646 1797 insigne
669 1714 793 1776 moestis
815 1711 1002 1793 praesidinm
1024 1710 1086 1772 reis

526 1823 567 1885 lit
588 1821 776 1902 consulenti,
797 1821 916 1896 Pollio,
939 1820 1064 1894 curiae3
1117 1875 1119 1878 .

469 1950 497 1992 rs
559 1930 616 1992 Cui
634 1931 742 1992 laurus
766 1937 911 1992 aeternos
936 1925 1069 1990 bonores

607 2038 780 2100 llalmatico
797 2037 918 2119 peperit
942 2035 1105 2116 triumpho·

328 2218 387 2273 ost,
406 2218 434 2260 ut
450 2208 547 2261 bellurn
565 2210 634 2259 unde
652 2217 734 2260 ortum
752 2211 807 2274 sit,
831 2210 893 2278 quid
912 2210 989 2260 sitin
1010 2223 1043 2259 eo
1064 2213 1222 2274 peccatum,
1248 2214 1276 2256 et
1294 2203 1437 2273 quomodo

326 2289 427 2347 gestum
444 2296 522 2332 versu
549 2279 664 2331 secundo
689 2280 829 2332 indicatum
854 2278 1004 2330 babeamus.
1050 2278 1161 2328 Accedit
1185 2275 1261 2328 ladas
1287 2277 1437 2340 Fortunae,
1532 2292 1533 2331 ς

327 2366 379 2418 quo
399 2351 516 2403 homines
538 2352 674 2413 iactantur,
690 2367 777 2418 neque
787 2359 847 2402 sunt
859 2352 967 2402 minoris
978 2351 1100 2400 momenti
1116 2349 1266 2417 principum
1281 2349 1434 2412 amicitiae,
1532 2374 1533 2378 =

327 2438 393 2488 quae
412 2419 596 2490 rempublicam
616 2437 692 2489 quam
713 2423 804 2473 iuvare
821 2421 952 2472 debebant
969 2420 1104 2471 mrbacuut
1130 2418 1243 2485 ideoque
1264 2434 1364 2486 praees
1382 2433 1437 2484 sp-

327 2492 465 2558 pellantur.
486 2524 520 2538 -
544 2497 629 2562 ermol
648 2493 718 2543 llaec
737 2503 841 2560 qnoque
861 2494 1006 2559 principum
1024 2500 1094 2553 sunt,
1111 2489 1267 2541 ut‘loedcra
1287 2505 1384 2540 comm
1405 2497 1434 2538 ct

330 2577 399 2612 arma
419 2577 502 2630 aeque
520 2565 668 2629 perniciosa
684 2563 767 2614 luisse
787 2563 913 2614 dicantur.
933 2593 965 2606 -
985 2563 1129 2630 cruoribus]
1151 2559 1219 2627 plur.
1231 2576 1303 2611 num.
1324 2560 1359 2610 de
1375 2575 1437 2610 ma·
1531 2564 1533 2584 ¹

328 2631 462 2702 gnitudine
481 2633 576 2684 caedis.
595 2633 914 2700 er.urg.nou.1V,ost.
930 2664 962 2674 -
983 2632 1068 2704 cleos}
1088 2633 1188 2683 Animis
1211 2630 1327 2683 nondum
1351 2645 1437 2696 paca-
1532 2629 1533 2686 l

330 2703 362 2751 tis
383 2701 469 2751 odium
490 2703 582 2752 leviter
603 2712 697 2753 tectum
717 2705 743 2753 in
763 2706 915 2769 scriptorem
942 2719 956 2753 n
985 2705 1094 2771 partium
1123 2702 1209 2754 studio
1239 2717 1292 2753 non
1323 2717 1436 2768 prorsus
1532 2700 1533 2762 l

328 2770 440 2821 alienum
459 2771 536 2822 lucile
551 2773 704 2824 incenditur.
738 2804 772 2815 -
798 2792 847 2841 per
864 2778 945 2845 iquos]
966 2774 1015 2826 Per
1033 2775 1135 2825 cineres
1156 2772 1236 2824 facile
1258 2774 1375 2839 erumpit
1392 2774 1437 2824 iu·
1532 2773 1533 2836 l

234 2854 243 2877 ⁴
332 2841 451 2893 cendinm
469 2851 495 2893 ct
515 2843 641 2893 comburit
659 2860 716 2894 enm
738 2844 782 2912 qui
803 2847 881 2900 nimia
900 2845 994 2896 liducia
1011 2860 1059 2911 per
1081 2860 1126 2896 eos
1151 2843 1280 2911 procedit.
1325 2845 1437 2897 Summa
1532 2869 1533 2878 κ

332 2913 411 2979 igitur
432 2914 551 2982 cautione
570 2931 635 2980 opus
655 2923 703 2966 est.

399 3009 429 3059 V.
448 3008 474 3059 9.
492 3010 527 3058 cl.
549 3011 594 3060 Sat
623 3010 643 3069 l,
665 3009 704 3073 10,
724 3013 768 3060 ti.
797 3010 866 3077 Virg.
888 3011 941 3061 Bne
967 3009 1056 3072 8,10.
1096 3040 1130 3053 -
1169 3008 1289 3077 publicos
1308 3011 1367 3077 res]
1392 3024 1438 3059 res
1532 3049 1533 3054 ,

332 3077 550 3144 publice-gestas,
566 3095 634 3145 quac
653 3082 710 3146 ipso
729 3096 805 3130 uersu
824 3089 990 3147 opponuntur
1010 3080 1117 3131 theatris
1136 3082 1188 3130 io.
1209 3079 1276 3130 fletis
1295 3079 1388 3129 rebus.
1401 3110 1437 3123 -

333 3148 467 3216 ordinare]
487 3157 527 3197 est
545 3157 686 3213 temporum
708 3159 734 3200 ct
751 3165 885 3201 musarum
904 3151 1046 3202 rationibus
1066 3166 1234 3217 componere.
1247 3181 1282 3192 -
1304 3150 1438 3218 Cecropio
1532 3211 1533 3214 Ἴ

334 3217 470 3285 cothurno]
492 3217 637 3268 Gotlrurnus
656 3221 846 3287 tragoedorum,
864 3236 957 3284 soccus
977 3221 1171 3273 comoedorum.
1209 3221 1274 3272 'lota
1285 3230 1379 3271 autera
1395 3236 1439 3271 res

333 3287 438 3335 scenica
457 3287 525 3351 apud
544 3287 716 3339 Athenienses
741 3293 868 3356 originem
892 3294 963 3358 cepit
980 3300 1018 3344 et
1044 3294 1213 3344 incrementa.
1245 3319 1283 3333 —
1317 3292 1437 3360 incipite}

334 3356 476 3421 aptissimo
495 3355 553 3406 loco
572 3366 598 3408 et
618 3363 690 3425 quusi
707 3370 801 3425 sponte
816 3362 848 3411 ad
868 3362 983 3430 reliquas
1002 3362 1127 3414 Pollionis
1149 3362 1243 3414 landes
1256 3363 1356 3423 lertur;
1376 3367 1439 3412 sunt

334 3434 419 3480 autem
437 3428 534 3492 petitae
553 3443 584 3478 ex
606 3429 763 3497 eloquentia,
782 3432 918 3496 prudentia
935 3433 1016 3496 cirili,
1034 3433 1132 3484 bellica
1152 3436 1257 3484 rirtrrte.
1289 3460 1326 3473 -
1369 3449 1439 3484 cott-
1532 3459 1533 3464 =

337 3497 440 3566 uidenti]
463 3496 583 3548 absolute
602 3502 731 3564 positum,
763 3501 926 3553 deliberanti.
960 3504 1172 3567 t,tv.xxt,16.
1213 3505 1285 3570 Virg.
1307 3504 1379 3554 Aen.
1397 3503 1442 3565 Xl,

335 3566 396 3618 335.
433 3569 583 3619 Senatorum
604 3579 643 3620 est
670 3571 826 3633 consulere;
853 3574 896 3639 qui
922 3576 1020 3640 optime
1047 3575 1159 3636 suadet,
1191 3572 1440 3626 iseonsulcrrtibus

336 3637 466 3703 praesidio
486 3647 533 3689 est.
554 3670 587 3681 -
603 3644 705 3692 nrceuis
723 3640 794 3761 remp
809 3643 840 3692 ci.
858 3642 942 3695 Carus.
964 3645 1005 3707 Ν,
1020 3647 1042 3708 1,
1053 3646 1093 3698 ta.
1132 3646 1172 3697 be
1190 3644 1279 3696 dativo
1298 3645 1335 3694 ci.
1349 3645 1438 3696 Carne

336 3707 357 3764 l,
381 3708 420 3768 15,
439 3710 482 3759 at.
525 3740 555 3750 -
596 3710 650 3760 lora
668 3717 745 3781 nime]
796 3712 881 3763 idetur
899 3713 981 3765 Pollio
1003 3715 1035 3765 ab
1057 3717 1132 3766 initio
1151 3718 1240 3782 operis
1257 3716 1440 3781 descripsisse

336 3778 534 3843 magnitudinem
553 3782 653 3845 imperii
674 3782 789 3844 Romani,
807 3781 956 3848 splendidas
977 3785 1092 3852 Pompeii
1106 3786 1440 3854 Caesarisquedeexteris

336 3848 482 3900 nubentibus
503 3859 645 3915 reportatas
665 3853 795 3913 victorias,
813 3853 908 3918 quibus
925 3863 993 3905 totus
1014 3856 1083 3906 orbis
1096 3866 1221 3908 terrarum
1240 3857 1382 3908 subiectus
1401 3864 1441 3908 est

337 3926 438 3980 prnctcr
454 3921 573 3970 virtutem
595 3921 741 3972 Romanam.
789 3924 826 3972 lia
853 3932 937 3974 nutem
965 3927 1127 3992 significatur
1153 3929 1292 3979 atrocitate
1320 3927 1442 3986 Catonis.

337 3980 416 4063 Cuius
435 3990 539 4039 neurius
559 3999 652 4056 poetae
674 3993 773 4042 nninrus
794 3993 872 4042 facilc
892 3995 973 4045 lertur
993 3998 1019 4046 iu
1039 3998 1175 4061 iliricum,
1201 4015 1263 4049 curn
1280 4001 1440 4065 praesertim

339 4066 419 4102 marca·
437 4071 539 4122 quoquc
560 4060 623 4109 Ceto
642 4061 823 4128 Carthaginem
849 4063 985 4115 delendum
1004 4083 1063 4117 esse
1081 4063 1293 4135 perpetuo‘olirn
1311 4071 1440 4120 censuis-

339 4128 386 4169 sot.
423 4123 517 4176 Verum
535 4129 635 4180 aemula
653 4131 698 4180 illa
715 4131 817 4190 sublata
835 4133 947 4200 ingentis
969 4138 1071 4202 imperii
1084 4141 1154 4189 vires
1173 4141 1283 4190 interse
1301 4139 1441 4191 discordes

339 4187 371 4237 ad
391 4189 529 4253 domestica
549 4197 618 4248 bella
638 4200 754 4256 ruebant.
792 4201 861 4253 llaec
881 4205 959 4270 igitur
976 4216 1045 4268 scrut,
1064 4224 1132 4277 quae
1153 4210 1236 4260 tribus
1255 4209 1376 4276 strophis
1394 4228 1440 4262 ns·

340 4274 392 4322 que
411 4259 442 4309 ad
462 4275 487 4309 v.
508 4263 542 4312 28
561 4279 730 4332 exponuntur.
766 4272 905 4339 Anapborn
924 4286 1010 4328 autem
1028 4281 1082 4329 iam
1100 4297 1187 4342 nunc,
1205 4282 1277 4344 iant,
1296 4298 1370 4347 iam,
1388 4284 1442 4332 iam

341 4337 461 4409 vegetam
477 4329 638 4396 describendi
656 4342 779 4391 rationem
798 4341 923 4395 Pollionis
943 4346 1079 4399 collustrat
1097 4350 1130 4400 ad
1142 4365 1321 4419 magnamque
1333 4367 1440 4418 exspe-

343 4404 477 4450 ctationem
499 4404 650 4456 movendam
666 4409 798 4474 aptissima
816 4421 863 4462 est.
894 4444 927 4456 —
971 4425 1107 4491 cornuum]
1131 4421 1193 4472 vide
1211 4421 1244 4474 ad
1266 4421 1354 4475 cim.
1374 4424 1396 4487 l,
1416 4424 1441 4483 12
