3117 5042
456 434 551 499 ΜΒ.
574 436 598 501 Ι.
640 437 847 504 nolunt
1135 448 1198 508 480

136 636 165 680 rs
186 622 252 696 Quo
272 636 321 682 me
341 637 460 702 cunque
480 612 566 702 rapit
584 628 768 704 tempestas,
791 625 918 688 deferor
941 624 1070 708 bospes;

190 729 277 791 Nunc
300 714 400 811 agilis
414 730 455 792 iio
476 736 509 792 et
531 749 652 793 mersor
670 732 814 795 civilibus
834 733 925 796 undis

133 898 136 903 ,
189 835 319 898 Virtutis
333 852 437 913 ,verae
457 845 562 900 custos
584 838 764 922 rigidusque
783 842 931 920 satelles,

189 943 276 1006 Nunc
296 944 328 1005 in
349 943 501 1026 Aristippi
515 941 632 1008 'lurtim
654 955 822 1029 praecepta
844 948 970 1013 relabor

191 1051 234 1113 nt
250 1052 323 1115 mibi
342 1070 420 1130 res,
435 1072 498 1116 uon
523 1071 571 1116 me
590 1054 683 1118 rebus
704 1055 890 1139 subiungere
910 1074 1015 1121 conor.

141 1176 173 1220 so
193 1160 233 1222 Ut
253 1178 316 1223 nox
337 1162 438 1243 longa
457 1162 566 1244 quibus
588 1163 735 1227 mentitur
755 1165 876 1243 amica,
896 1165 1023 1248 diesque
1078 1184 1082 1188 “

188 1269 300 1350 lmnga
319 1269 441 1332 ridetur
461 1268 538 1352 opus
559 1271 759 1351 debentibus,
784 1280 819 1335 ut
841 1273 931 1356 piger
952 1292 1051 1337 annus
1154 1308 1156 1313 .

186 1376 332 1458 Popillius,
356 1396 432 1460 quos
454 1379 534 1443 dura
553 1381 664 1461 premit
681 1381 827 1444 custodis
844 1388 997 1459 matrum

157 1532 163 1537 -
187 1483 242 1547 Sic
264 1484 336 1548 mibi
357 1486 450 1549 tarda
471 1487 569 1550 fluunt
591 1488 776 1571 ingrataque
800 1496 959 1570 tempora,
980 1508 1061 1573 quae
1081 1511 1166 1574 spent

188 1591 417 1676 Consiliumque
438 1603 598 1659 morantur
618 1596 733 1678 agendi
754 1598 901 1680 gnaviter
918 1597 967 1676 id,
991 1600 1072 1681 quud

139 1716 172 1760 ss
192 1699 298 1783 Aeque
319 1702 506 1783 pauperibus
530 1703 678 1784 prodest,
700 1703 904 1785 locupletibus
924 1722 1031 1787 aeque,

188 1808 297 1889 Aeque
317 1812 490 1891 neglectum
517 1812 620 1891 pueris
642 1812 828 1894 senibusque
849 1813 979 1877 nocebit.

187 1918 307 1993 Restat,
330 1927 365 1982 ut
386 1920 434 1981 bis
457 1938 517 2002 ego
538 1938 585 1981 me
608 1921 674 1999 ipse
694 1938 802 2003 regum
823 1922 965 2004 solerque
984 1922 1152 1989 elementis.

186 2026 255 2088 Non
275 2026 374 2106 possis
396 2028 485 2088 oculo
509 2034 654 2109 qunntum
675 2027 861 2095 contendere
883 2030 1040 2106 Lynceus:

184 2134 254 2194 Non
274 2140 376 2197 tamen
393 2134 508 2196 idcirco
531 2142 709 2198 contemnes
733 2134 835 2216 lippus
858 2136 981 2220 inungi3
1026 2160 1028 2163 ·

134 2257 167 2302 to
188 2241 252 2303 Nec
270 2241 341 2323 quis
361 2242 506 2323 desperes
526 2242 633 2305 invicti
651 2243 791 2307 membra
811 2243 971 2326 Glyconis,
1085 2264 1087 2269 ’

100 2441 250 2509 paranda!
295 2441 375 2508 Epist.
397 2440 417 2505 l,
443 2440 545 2504 17‚23.
585 2442 637 2493 Sat.
658 2439 736 2505 ΙΙ,3,
756 2441 814 2494 100.
861 2442 900 2493 De
925 2442 1020 2493 Stoicis
1039 2442 1072 2493 ci.
1092 2442 1144 2494 Cic.
1162 2442 1196 2494 de

99 2513 157 2564 rin.
169 2512 215 2577 ΙΙΙ,
227 2511 270 2576 20,
284 2512 332 2565 67:
354 2511 507 2578 ,Praeclare
526 2513 594 2562 euim
616 2511 777 2578 Chrysippus
797 2519 884 2563 cetera
902 2523 961 2562 nata
979 2529 1039 2563 esse
1063 2513 1195 2575 hominurn

98 2599 179 2635 causa
202 2589 228 2635 et
245 2583 370 2644 deorum3
389 2597 434 2634 eos
453 2590 539 2633 sutem
558 2584 747 2633 communitatis
762 2590 789 2633 et
799 2584 932 2634 societatis
951 2598 1032 2644 suae;
1056 2586 1195 2651 qnoniam·

101 2671 155 2723 que
174 2669 206 2706 es
224 2662 316 2705 nutura
335 2662 405 2705 esset
424 2653 543 2717 hominis,
556 2662 585 2703 ut
594 2655 618 2703 ei
637 2668 695 2703 ctrtn
716 2668 815 2720 genere
836 2654 951 2713 humano,
963 2656 1036 2721 quusi
1057 2654 1136 2705 civile
1153 2657 1194 2705 ius

99 2726 286 2789 intercederet,
305 2727 348 2793 qui
370 2725 395 2775 id
415 2732 583 2776 conservaret
601 2739 659 2774 eum
678 2716 783 2787 iustum,
806 2726 849 2793 qui
870 2727 992 2791 migraret
1009 2726 1131 2776 iniustum
1150 2727 1196 2775 lo-
1277 2732 1281 2735 ’

99 2803 155 2848 re!t
172 2828 209 2838 -
230 2797 346 2865 deferor]
366 2796 474 2847 Constat
493 2797 519 2845 in
538 2796 660 2861 imagine,
681 2796 707 2845 iu
731 2811 807 2864 quum
826 2795 955 2846 vocabulo
972 2805 1105 2864 tempestas
1126 2798 1195 2846 inci-

99 2868 145 2919 dit.
181 2867 364 2934 Navigantium
382 2868 451 2918 enim
469 2865 520 2917 hoc
540 2866 647 2917 verbum
666 2874 713 2917 est.
744 2897 777 2906 -
817 2871 925 2936 mersor]
948 2866 1018 2917 Nihil
1036 2882 1132 2917 causae
1153 2876 1194 2918 est
1276 2866 1279 2871 ’

96 2954 145 2990 cur
170 2939 221 2989 boc
239 2938 346 2990 verbum
363 2953 378 2988 u
398 2937 577 3004 Porphyrioue
597 2938 753 3003 optimisque
771 2938 889 2988 omnibus
911 2937 1046 2988 codicibus
1065 2936 1191 2989 firmatum

98 3009 176 3060 cedat
197 3009 273 3060 elteri
291 3023 381 3061 sertor
398 3007 497 3059 nulllus
515 3023 597 3075 prope
618 3009 788 3059 auctoritatis.
828 3007 861 3058 cl.
881 3006 957 3075 Corn.
977 3008 1042 3074 Nep.
1060 3009 1151 3071 Attii,
1167 3011 1190 3058 l.

99 3111 133 3122 -
163 3081 275 3149 ripidss]
306 3081 357 3132 Sut.
376 3078 410 3143 ΙΙ,
431 3082 454 3142 1,
473 3079 516 3131 70.
553 3079 650 3129 Lucan·
669 3078 703 3145 ΙΙ,
721 3076 790 3131 389:
820 3078 937 3147 „(Cuto)
961 3078 1078 3130 iustitiae
1099 3079 1192 3144 cultor,

97 3151 174 3218 rigidi
194 3160 310 3203 servator
331 3151 457 3202 nonestis
493 3149 532 3199 lle
549 3149 680 3215 Aristippo
693 3147 998 3203 videGiceronemTusc.
1016 3150 1139 3213 11,u,1s.
1158 3149 1192 3201 de

96 3221 153 3273 Fin.
174 3222 209 3285 ΙΙ,
232 3223 273 3285 11,
290 3220 339 3273 st:
358 3222 419 3288 ,tiis
437 3219 556 3271 omuibus
575 3234 640 3287 quoe
658 3218 710 3270 dixi
729 3228 920 3288 consequentes
934 3229 1003 3272 >sunt
1021 3221 1086 3272 flues
1106 3220 1191 3272 bono-

97 3308 172 3344 rum:
195 3294 327 3359 Aristippo
348 3292 459 3359 simplex
478 3290 613 3358 voluptas,
629 3291 724 3344 Stoicis
741 3293 889 3344 consentire
909 3300 1025 3357 naturae,
1044 3291 1113 3363 quod
1131 3307 1191 3343 esse

95 3363 191 3415 volunt
210 3380 226 3416 e
244 3366 355 3427 uirtute,
376 3363 401 3414 id
422 3371 477 3426 eet,
497 3361 606 3413 honeste
624 3362 741 3413 vivere!

165 3468 197 3518 V.
217 3467 260 3518 21.
297 3484 359 3535 opus
377 3465 533 3533 muralibus]
558 3464 738 3527 mercenariis,
758 3464 858 3527 servis,
876 3462 987 3514 ancillis.
1008 3494 1038 3506 ·-
1061 3460 1189 3531 molodia]

92 3552 146 3587 non
168 3538 257 3589 tutela,
285 3535 343 3605 Dig.
363 3536 451 3598 xxvi,
472 3540 495 3597 l,
508 3535 558 3588 18:
576 3532 715 3598 „Feminae
733 3542 831 3585 tutores
849 3533 904 3584 duri
922 3549 973 3585 non
993 3540 1110 3603 possunt,
1129 3535 1191 3599 quia

92 3608 119 3658 id
138 3624 232 3661 munus
249 3610 421 3660 masculinum
441 3615 505 3658 est.“
546 3602 608 3655 Cod.
627 3603 673 3654 lib.
693 3604 722 3655 V.
742 3604 790 3655 Tit.
810 3603 896 3669 xllx,
921 3606 950 3653 l:
969 3603 1115 3666 ,Educatio
1136 3619 1188 3668 pu-

93 3679 217 3745 pillorum
237 3688 337 3731 tuorum
361 3676 426 3729 uuili
452 3677 534 3743 inagis
563 3689 639 3743 quam
665 3676 738 3725 matri
760 3689 868 3735 eorum,
896 3675 918 3725 si
945 3688 998 3723 non
1019 3674 1136 3723 vitricum
1155 3674 1187 3725 iis

92 3750 241 3813 induxerit,
260 3748 442 3802 committenda
457 3755 521 3800 est!
541 3777 572 3789 -
593 3749 719 3815 temporo]
739 3745 779 3795 De
797 3740 892 3810 plurali
911 3757 1031 3809 compara
1050 3743 1131 3810 Epist.
1153 3743 1186 3809 ΙΙ,

95 3824 118 3885 Ι,
135 3823 162 3873 A.
191 3821 265 3875 Ovio.
287 3823 344 3875 blet.
365 3819 432 3884 ΙΙΙΙΙ,
450 3822 475 3871 2.
503 3818 556 3870 Cic.
578 3831 623 3883 pro
642 3815 718 3867 Arch,
739 3814 816 3879 o,13.
837 3843 871 3855 -
891 3811 1032 3883 clementis]
1052 3814 1186 3866 Sententia

89 3894 128 3942 'itu
148 3910 208 3945 cum
230 3892 445 3961 praecedentibus
465 3887 647 3956 coniungenda
666 3886 776 3949 videtur,
797 3892 938 3935 utcuusam
959 3886 1016 3952 ipsa
1034 3883 1127 3952 produt
1142 3902 1188 3937 cur

68 4011 73 4015 .
90 3973 188 4030 poetae
210 3979 287 4016 omno
306 3974 406 4030 tempus
432 3961 500 4029 quod
520 3975 572 4011 uon
591 3958 779 4024 consumpserit
798 3957 825 4006 in
844 3970 905 4006 vera
926 3955 1042 4007 doctrina
1058 3955 1186 4024 perditum

91 4034 220 4087 rideatur.
255 4036 350 4101 „liam,
370 4034 470 4101 inquit,
490 4047 575 4082 meum
596 4046 664 4080 nunc
683 4036 722 4079 est
740 4027 780 4078 his
799 4042 866 4094 quae
887 4025 984 4094 colligo
1004 4026 1185 4095 philosophiae

90 4107 171 4157 initiis
191 4121 275 4157 meam
294 4108 373 4158 vitam
391 4119 484 4171 regere
506 4101 701 4153 consonemus
737 4098 832 4151 Aliena
852 4098 921 4148 enim
934 4100 1100 4164 negotisnon
1114 4106 1187 4149 curat
1271 4106 1274 4111 '

88 4186 117 4227 ut
139 4179 311 4244 Damasippus
332 4177 397 4247 (Sat.
418 4175 451 4237 ΙΙ,
468 4176 603 4245 {ij-noque
620 4171 653 4222 ab
674 4170 732 4221 aliis
750 4186 780 4221 sc
801 4169 859 4236 regi
881 4170 984 4235 patitur.
999 4198 1032 4214 -
1054 4169 1185 4240 Lpscetnj

89 4249 142 4300 Sat.
162 4250 184 4314 Ι,
201 4248 228 4313 2,
245 4251 289 4304 90.
339 4249 383 4299 Dc*
408 4247 503 4297 omissa
533 4258 608 4311 quam
637 4242 725 4293 dicunt
751 4237 878 4308 particula
902 4241 926 4290 si
934 4277 942 4302 ,
970 4254 1004 4290 ne
1030 4240 1105 4291 nobis
1123 4242 1185 4307 qui-

88 4318 148 4372 dem
175 4319 309 4384 Germanis
334 4318 500 4379 necessaris,
529 4315 562 4366 cl.
587 4313 654 4365 inira
673 4310 717 4364 33.
737 4312 779 4364 87.
821 4310 901 4376 Epist.
920 4308 940 4373 Ι,
959 4311 984 4374 6,
1005 4311 1049 4363 31.
1093 4308 1138 4363 Sat
1164 4310 1185 4374 l,

89 4394 115 4451 l,
134 4394 179 4443 45.
204 4421 245 4441 <-
278 4389 357 4441 oculo
376 4388 539 4456 contendere]
562 4386 605 4437 Sic
624 4385 713 4451 optimi
733 4382 848 4444 codices,
869 4389 947 4432 recte.
984 4380 1064 4432 Pauci
1081 4380 1186 4433 codices

88 4463 186 4515 owine.
230 4462 269 4512 lle
287 4460 480 4512 constructione
498 4470 619 4522 compara
650 4454 704 4506 Cic.
726 4468 772 4520 pro
790 4452 875 4519 Ligur.
892 4453 918 4517 3,
937 4451 963 4503 b.
1001 4482 1037 4495 -·
1078 4453 1182 4522 isusqq

86 4534 149 4587 ride
168 4533 202 4584 ud
223 4533 276 4585 stt.
294 4532 315 4595 Ι,
335 4533 362 4596 5,
379 4529 422 4583 30.
455 4558 490 4572 -
525 4527 657 4597 uqsue]
689 4524 737 4575 llic
754 4524 799 4592 qui
820 4522 899 4574 luerit
916 4522 1015 4589 primus
1032 4522 1184 4590 Lusiuqius

134 4634 243 4677 llorstlus
258 4632 291 4676 ed
307 4630 464 4682 Dlllenburqer.
935 4629 983 4700 28
