3117 5042
419 455 521 523 ΜΒ.
543 459 595 523 ut.
623 456 788 525 ‘cauli
810 457 864 524 lli.
1122 458 1182 522 ldl
1281 512 1283 515 .

297 640 375 706 lium
398 642 517 726 lonpse
532 642 614 707 inter
635 640 756 708 saevim-
772 642 851 707 llion

300 753 488 834 Romamque
508 756 637 833 pontus,
659 751 798 834 qualibet
818 751 941 816 exsules

339 856 375 922 iu
393 865 486 941 purte
508 863 664 941 mule
684 859 787 935 beeth

244 985 275 1029 to
376 967 457 1031 llutu
477 965 591 1029 Primi
613 965 793 1050 Paridisque
813 966 903 1031 omo

299 1100 429 1163 insultet
450 1104 622 1164 armentum
640 1105 672 1162 et
691 1100 813 1164 catulos
834 1102 921 1164 lenae

299 1206 409 1272 Celent
426 1206 562 1288 lutdtae,
582 1214 645 1270 stet
663 1207 850 1289 Capitolium

340 1315 478 1397 fulgens
499 1315 759 1400 triumphatisque
778 1312 878 1399 poffit

383 1425 482 1492 Roma
502 1425 593 1487 ferox
613 1423 690 1488 dare
706 1425 776 1488 iura
796 1424 905 1489 illedis.

246 1569 281 1615 ts
296 1554 458 1622 nomento
476 1555 542 1621 late
562 1572 671 1618 nomen
693 1553 724 1619 in
746 1553 873 1644 ultimas
977 1597 980 1606 =

302 1665 458 1730 Extendat
481 1684 573 1745 oras,
595 1683 658 1748 qua
680 1666 797 1729 medius
818 1666 920 1749 liquor

341 1774 484 1838 secessu
504 1771 649 1857 Europen
671 1774 711 1848 ab
732 1776 828 1855 diso,

386 1884 455 1957 Qua
474 1882 607 1945 tumidus
628 1882 714 1964 rigat
734 1899 815 1946 arva
834 1883 930 1946 Nilus.

300 2012 415 2077 dunum
436 2012 620 2098 irreperlutu
641 2021 673 2084 et
693 2012 739 2082 ale
759 2015 868 2080 melius
887 2016 987 2094 situm,

250 2135 281 2182 to
300 2120 375 2186 Cum
397 2129 484 2185 terra
504 2124 606 2204 celat,
627 2141 774 2206 spernere
795 2124 906 2186 tortior

345 2234 441 2308 Quam
462 2245 577 2313 cogere
596 2232 745 2294 bumanos
769 2231 801 2296 itt
824 2251 899 2295 usus

385 2339 482 2435 timue
504 2335 625 2403 sacrum
648 2337 789 2422 rapiente
812 2337 944 2416 dextra,

303 2470 480 2556 Quicunque
500 2474 613 2537 mundo
634 2474 783 2537 terminus
802 2473 938 2553 obstitit,

302 2577 388 2643 liunc
409 2588 520 2664 tangat
540 2581 654 2659 arnis,
678 2579 781 2647 visere
802 2581 956 2664 gestiens,

255 2703 284 2749 es
348 2693 416 2769 Qua
436 2697 527 2772 parte
546 2690 772 2755 debacchentur
789 2692 896 2773 ignes,

383 2801 452 2876 eoo
471 2798 602 2863 nebulae
622 2798 778 2883 pluviique
797 2817 903 2878 rorcs3

144 2996 177 3053 tt.
196 2996 247 3054 37.
264 3000 334 3068 ister
350 2996 450 3053 seorim
469 2997 547 3068 ilion]
568 2999 756 3072 Nonnunquam
775 3007 870 3072 poetae
889 3001 956 3056 inter
975 3000 1194 3073 praepositionem

92 3073 206 3140 eiusque
229 3087 320 3123 cttsum
339 3072 446 3125 verbum
465 3073 570 3141 aliquod
590 3075 807 3142 interponebant;
826 3076 876 3127 bec
896 3084 982 3128 autent
999 3075 1058 3128 ioco
1070 3076 1195 3128 diaeresis

92 3145 214 3194 seiuncta
235 3157 304 3209 quae
325 3143 445 3195 videntur
463 3143 591 3197 vocabule
609 3145 678 3198 tellit
696 3147 771 3198 simul
791 3155 817 3197 et
837 3148 977 3215 coniungit.
1018 3147 1117 3202 Similia
1136 3151 1197 3201 sunl

92 3214 216 3281 exempla
242 3212 345 3280 Virgilii
363 3213 453 3266 bucol.
470 3215 498 3279 6,
519 3214 559 3267 19,
599 3216 667 3267 Aen.
688 3217 723 3281 11,
740 3211 802 3270 278.
832 3249 864 3260 --
892 3218 1000 3294 amics}
1019 3219 1136 3271 Romani.
1161 3253 1194 3264 -

92 3284 175 3352 dssto]
199 3285 320 3337 Priamus
337 3287 419 3336 caruit
459 3287 543 3337 uidem
565 3285 649 3351 busto,
669 3288 882 3355 namdiscerptus
902 3297 929 3341 et
950 3285 1087 3342 dilaniatus
1105 3292 1131 3341 in
1151 3288 1196 3341 lto

92 3362 150 3407 tere
168 3357 258 3407 iacuit
277 3356 362 3423 (virg.
373 3302 573 3425 nondumne
591 3371 678 3425 neqtte
694 3365 780 3412 tarsen
800 3360 983 3426 vituperandus
996 3362 1124 3413 Horatius.
1144 3357 1197 3413 'lea

91 3434 133 3477 tus
154 3429 232 3478 enirn
253 3439 318 3492 sper
334 3426 457 3478 Troianus
471 3429 526 3477 eius
543 3427 670 3495 quoddam
681 3428 829 3497 sepulcrum
843 3439 890 3482 est.
909 3462 942 3474 -
959 3433 1043 3501 strae]
1067 3430 1099 3481 ci.
1113 3431 1195 3497 Eped.

94 3496 136 3562 to,
157 3499 204 3549 10.
226 3527 264 3540 ·-
283 3498 459 3566 triunphalis]
478 3499 630 3550 Actius-vis
649 3498 710 3550 ltuic
726 3500 808 3551 verbo
829 3513 880 3551 nou
902 3499 969 3551 ittest
986 3503 1036 3552 nisi
1049 3501 1116 3567 sputi
1128 3514 1195 3568 poe·

90 3576 129 3619 tus
148 3576 177 3619 et
197 3568 249 3638 qui
268 3582 314 3626 eos
333 3567 497 3619 imitabantur
516 3569 627 3620 seriores
645 3570 793 3636 scriptores.
821 3599 856 3611 -
879 3572 968 3641 possit]
999 3571 1082 3622 Locus
1099 3572 1126 3621 in
1144 3570 1196 3621 litte

91 3654 188 3690 versus
211 3638 325 3689 eximius
344 3640 477 3690 tritissimo
497 3640 624 3691 vocabulo
642 3654 714 3690 susm
732 3642 785 3691 vim
802 3641 922 3692 restituit.
935 3672 971 3683 -
987 3639 1181 3693 benendolate

89 3711 204 3760 metrica
226 3710 254 3758 vi
275 3708 340 3759 baec
360 3710 560 3777 coniunguntur.
585 3737 633 3752 -·
649 3706 746 3761 medias
766 3710 861 3781 liquor]
881 3712 992 3762 medium
1010 3724 1098 3775 mare,
1125 3644 1195 3778 quod

90 3788 232 3832 estresnss
255 3779 385 3830 occidenti
411 3780 462 3830 soli
489 3779 618 3831 subiectus
644 3781 766 3848 regiones
787 3782 921 3849 coniungit
939 3792 997 3832 cum
1018 3782 1126 3832 oriente.
1161 3810 1196 3823 -

90 3868 224 3918 sperum
245 3850 353 3918 fortior]
371 3850 535 3902 Adiectirum
553 3853 681 3918 participii
700 3866 771 3902 mere
792 3852 903 3916 pesitum
926 3852 1001 3920 (title
1019 3847 1051 3901 ad
1070 3848 1154 3901 Germ.
1173 3848 1195 3915 l,

91 3920 118 3983 e,
140 3922 190 3989 19)
211 3920 396 3972 condicionem
414 3920 493 3972 inaltet
513 3920 644 3972 aiunotte
663 3923 792 3989 positam,
809 3922 826 3972 i.
848 3933 872 3980 e.
891 3922 913 3974 tl
933 3923 1056 3972 maiorem
1077 3918 1196 3973 ostendet

89 3990 280 4043 tortitudinem
302 3992 328 4042 in
348 3991 496 4059 spernendo
516 4005 579 4043 auro
599 4005 674 4059 quam
692 3995 719 4043 in
736 3992 864 4059 cogendo.
901 3993 986 4055 Quare
1004 3992 1084 4042 verba
1102 3992 1195 4042 tomo

88 4078 138 4114 tuos
155 4065 188 4114 itt
208 4079 274 4114 usus
294 4076 345 4113 nen
366 4078 425 4113 cum
443 4062 555 4129 cogendi
572 4064 653 4113 verbo
672 4072 731 4116 suttt
756 4063 940 4130 coniungenda
967 4060 1013 4112 setl
1040 4077 1097 4113 cum
1123 4062 1196 4113 inse·

89 4135 185 4200 quenti
206 4148 298 4184 versu.
337 4129 446 4186 ilomnni
465 4134 535 4183 enittt
551 4145 614 4184 usus
629 4134 730 4200 profani
747 4141 815 4186 sunt.
852 4164 886 4176 -
924 4133 1028 4202 obstitit]
1049 4133 1196 4204 depictor,

91 4206 135 4271 qui
154 4220 173 4256 a
202 4204 297 4272 primis
324 4203 485 4270 temporibus
510 4202 610 4255 obstitit
630 4204 725 4256 munde
741 4204 759 4254 i.
780 4218 803 4255 e.
822 4200 879 4255 erbl
905 4208 1050 4268 κπιηιιιι,
1075 4211 1103 4253 et
1128 4211 1197 4252 nune

89 4288 204 4342 qnoque
227 4274 329 4338 obstat,
359 4272 438 4325 linem
456 4275 538 4340 ponit
590 4273 676 4337 Quare
703 4269 805 4326 dativus
830 4274 923 4326 mondo
949 4279 1062 4340 praestat
1080 4273 1196 4341 genitive

90 4347 186 4396 nundi
207 4357 354 4412 psucorum
373 4343 500 4395 codicum.
522 4369 557 4386 -ι-
585 4349 684 4415 scopet]
706 4346 804 4397 rectius
822 4357 899 4411 quam
922 4342 1059 4396 multorum
1078 4339 1197 4394 codicum

91 4424 187 4484 tanget
201 4434 212 4465 r
242 4429 294 4466 non
313 4416 471 4466 vaticinatur
496 4414 582 4480 lune,
612 4415 658 4467 sed
675 4424 704 4466 ut
721 4415 829 4468 Rotnani
849 4428 881 4465 ee
898 4415 1053 4482 pervenient
1068 4408 1197 4464 concedit.

92 4485 306 4554 insequentibus
324 4486 446 4540 uersibus
465 4484 646 4537 describuntur
662 4495 729 4538 sonu
749 4485 844 4535 torrida
862 4494 889 4536 et
912 4484 1013 4551 frigida.
1060 4483 1093 4533 cl.
1112 4480 1196 4533 Camil«

89 4552 112 4619 l,
132 4558 182 4620 22,
206 4556 239 4608 tt
251 4572 310 4624 sqq.
334 4587 366 4597 -
384 4560 468 4626 sores]
489 4557 556 4623 apud
577 4565 667 4623 peetus
687 4555 720 4607 de
737 4570 893 4625 quecunque
918 4555 1028 4622 liquore.

135 4655 252 4697 uersum
267 4651 299 4696 ed.
320 4654 478 4705 Dtllenbttruea
981 4663 1020 4723 pp
