3117 5042
452 451 544 517 uis.
568 455 592 517 l.
635 448 743 520 SA'l'.
765 455 845 520 vm.
1130 462 1194 527 853

182 632 266 697 tuuc
288 635 383 716 pedes
402 636 434 699 in
457 637 570 717 fronte,
594 644 748 723 trecentos
769 640 876 722 cippus
896 643 929 705 in
950 660 1063 726 agnum

184 740 237 804 liic
258 742 363 820 dabat,
384 743 514 807 beredes
535 752 761 810 monumentum
782 726 1031 832 assequeretur.

183 849 268 910 lianc
290 850 365 912 lieet
385 851 534 934 Esquiliis
557 853 699 918 babitare
719 855 895 920 salubribus
916 850 1010 942 stipae
1052 880 1058 890 ·

133 973 162 1017 ns
183 957 310 1040 Aggere
329 959 361 1022 in
384 962 491 1041 aprico
512 962 662 1043 spatiari,
687 980 746 1045 quo
769 964 860 1027 modo
880 965 987 1028 tristes

178 1064 267 1129 Albis
291 1066 452 1131 lniomeu
476 1069 661 1150 spectabant
683 1071 806 1135 ossibus
831 1089 961 1154 agrurn3
995 1156 998 1161 θ

184 1171 260 1235 cunr
280 1174 355 1237 nnibi
379 1194 442 1238 non
466 1182 587 1240 tanturn
607 1179 751 1261 laresque
771 1180 919 1261 10000000
939 1186 1047 1244 suetae

140 1304 156 1333 e
179 1280 264 1370 iluna
284 1300 401 1345 venare
422 1283 522 1348 locatur
544 1302 637 1373 curae
656 1292 729 1348 sunt
749 1292 843 1367 atquc
863 1285 975 1363 labori,

180 1389 333 1464 thurn
353 1390 540 1454 carminibus
561 1409 641 1474 quac
663 1398 907 1475 vernantesque
928 1394 1055 1458 renenls

129 1509 159 1555 no
178 1494 333 1558 llumanos
354 1498 496 1562 animos:
517 1497 574 1561 bas
591 1499 681 1563 nullo
701 1500 833 1580 perdere
850 1519 975 1582 possum

179 1605 243 1665 llec
263 1603 428 1684 probibere
449 1604 549 1685 modo,
571 1607 661 1670 dunul
683 1625 721 1671 ac
741 1617 827 1690 vaga
851 1607 940 1673 buna
962 1604 1106 1671 decorum

178 1710 311 1775 Protulit
331 1731 377 1791 os,
398 1714 473 1795 quin
495 1733 567 1777 ossa
591 1715 701 1797 legant
724 1714 896 1798 herbasque
918 1723 1073 1780 nocentes.

179 1817 250 1880 lidi
271 1826 394 1901 egomet
415 1820 509 1903 nigro
530 1821 716 1885 succinctam
737 1822 854 1885 vadere
874 1824 962 1905 palla

177 1925 339 1989 Canidiam
358 1927 487 2009 pedibus
507 1928 597 1991 undis
620 1948 772 2012 passoque
794 1928 927 2013 capillo,

128 2052 159 2097 os
181 2034 257 2099 cunr
277 2034 408 2117 Sagana
430 2037 549 2100 maiore
568 2036 754 2115 ululantem
776 2038 882 2119 pallos·
901 2046 1048 2122 ntrssque

179 2142 311 2206 Fecerat
328 2142 501 2207 numnius
524 2143 682 2226 adspectu.
725 2145 876 2227 Scalpere
895 2153 1014 2210 terrain

178 2250 338 2332 Unguibus
359 2258 389 2313 et
414 2253 530 2332 pullam
550 2252 700 2315 divellere
722 2253 877 2316 mordicus
896 2272 1012 2335 agnano

178 2356 376 2452 Coeperuut3
399 2376 494 2421 cruor
515 2359 547 2422 in
568 2361 684 2423 lassam
705 2362 870 2439 confusus,
890 2366 925 2422 ut
944 2359 1015 2422 inde

95 2520 129 2569 ita
147 2527 177 2570 nt
195 2520 294 2586 privata
312 2521 432 2590 sepulcra
451 2522 547 2574 habere
564 2536 617 2574 non
636 2532 752 2589 possent,
770 2524 797 2574 in
816 2519 940 2589 Esquiliis
959 2520 1070 2588 publicis
1089 2517 1187 2588 sepulti
1248 2585 1252 2592 Ι

96 2598 161 2641 sunt
200 2590 303 2641 llallins
320 2598 407 2643 autem
427 2592 582 2644 Pantolabus
603 2591 687 2645 dictus
705 2602 753 2656 cst,
770 2592 841 2661 quod
862 2591 894 2643 ab
913 2592 1032 2644 erunibus
1053 2593 1188 2658 acciperet

94 2669 229 2728 postquam
248 2676 295 2713 sua
311 2664 397 2713 omnia
414 2662 595 2719 comedissem
615 2664 710 2714 Comae
730 2664 809 2730 Crsq.
835 2662 870 2714 01.
883 2663 935 2715 Sat.
956 2664 977 2726 l,
998 2664 1021 2725 1,
1036 2662 1094 2715 tua
1115 2662 1149 2726 ll,
1162 2664 1186 2726 1,

94 2730 136 2780 22.
162 2731 197 2796 11,
213 2730 241 2795 3,
262 2733 325 2784 224.
363 2733 537 2784 Acerbissinns
564 2734 644 2800 igitur
670 2732 827 2784 contumelia
846 2734 952 2799 Priapus
971 2731 1050 2798 dicit,
1075 2740 1186 2799 nepotes

94 2799 168 2863 illos,
200 2803 244 2868 qui
265 2802 332 2852 iuter
354 2818 482 2870 pauperes
504 2811 531 2853 et
549 2816 640 2855 servos
667 2805 776 2870 proiecti
795 2806 927 2865 iacerent,
946 2805 1073 2855 constanti
1091 2802 1185 2870 proin-

95 2873 166 2921 sions
184 2872 279 2938 ingens
295 2873 345 2925 sibi
365 2872 461 2925 iecisse
481 2873 714 2940 laocsepulcrurn3
736 2873 875 2941 quodcum
893 2872 933 2924 dis
951 2871 1069 2926 Manibus
1088 2888 1186 2924 conse-

95 2949 211 2993 crassent
233 2956 267 2992 ne
286 2941 319 2992 au
343 2942 453 3001 heredes
480 2946 601 3005 transiret
627 2944 801 3010 prohibuisse.
849 2942 956 2996 Scilicet
984 2942 1095 2995 heredes
1118 2942 1185 2993 nihil

94 3014 198 3063 annino
223 3021 387 3080 acceperunt
423 3015 467 3067 Sic
486 3013 605 3081 intellige
624 3013 727 3076 locum3
746 3017 773 3065 in
793 3029 921 3081 pauperes
941 3021 968 3064 et
985 3028 1075 3065 servos
1095 3014 1185 3080 inepta

93 3091 161 3134 esset
183 3082 348 3135 contumelia.
381 3117 417 3127 -
448 3086 548 3207 copprea
566 3084 595 3136 in
613 3084 741 3153 sepulcris
762 3085 882 3136 columns
902 3085 987 3152 posita
1004 3084 1120 3136 indicare
1138 3098 1185 3135 so-

92 3151 179 3214 lebat,
197 3162 321 3221 qnantum
340 3156 449 3221 spatium
468 3154 507 3206 dis
550 3154 642 3206 auibus
661 3164 840 3208 consecratum
860 3163 945 3219 csset3
966 3153 1048 3207 ueluti
1066 3154 1110 3207 irt
1129 3155 1184 3207 AG.

91 3222 116 3275 P.
134 3223 193 3277 xil.
211 3223 255 3276 lli.
276 3224 327 3276 Fu.
346 3224 372 3277 P.
391 3225 473 3277 xxiv
505 3225 554 3276 llic
570 3225 644 3276 loeus
663 3227 695 3277 ab
716 3228 806 3297 ignoto
824 3226 935 3295 quodam
944 3224 1058 3278 iserniae
1075 3226 1103 3277 in
1114 3225 1185 3278 bunc

92 3309 163 3346 mum
184 3304 351 3347 consecratas
369 3311 417 3362 pro
435 3294 598 3347 multitudine
618 3295 748 3357 hominurn
765 3297 860 3366 quibus
872 3297 1015 3349 destinatus
1027 3298 1184 3366 eratingeus

93 3364 173 3417 lause
191 3365 311 3416 ridetur·
333 3366 360 3416 id
377 3366 446 3434 quod
464 3365 605 3418 salsissime
624 3365 785 3437 adnepotes
804 3369 915 3420 reiertur
934 3383 949 3419 a
967 3375 1054 3435 posta.
1075 3397 1110 3409 -
1128 3369 1182 3419 lle·

93 3428 178 3509 reda]
198 3434 282 3488 Solita
301 3408 367 3487 irasc
384 3436 509 3488 lorrnnla:
527 3437 558 3488 11.
577 3436 610 3487 bi.
632 3437 661 3487 ll.
679 3437 711 3493 11.
735 3439 761 3491 S.
780 3438 846 3507 (boc
860 3446 1056 3489 monumentum
1073 3435 1184 3488 heredes

91 3507 282 3627 arsa
297 3536 360 3626 c-
392 3507 654 3572 ut
674 3508 839 3660 itast
852 3506 1184 3643 lassessere

93 3646 238 3715 insequens
255 3661 348 3715 versos
367 3646 540 3714 spondeorum
557 3648 684 3717 presiate
700 3597 841 3717 {remitum
868 3648 988 3713 apposite
1007 3646 1039 3699 ad
1058 3661 1122 3698 rem.
1149 3674 1182 3689 -

90 3716 226 3838 [0000000]
249 3718 315 3769 Sunt
332 3716 482 3786 Esquilinae
501 3720 577 3770 alites
598 3716 695 3786 (lipod.
708 3720 734 3781 5,
747 3717 822 3786 100),
843 3717 894 3768 alia
911 3714 1032 3768 animalia
1052 3717 1078 3767 id
1090 3731 1183 3784 genus,
1280 3716 1290 3728 '

90 3798 156 3854 quae
176 3804 208 3839 ea
228 3803 306 3839 svera
324 3797 521 3856 sequuntur„-
533 3804 587 3840 sos
604 3796 703 3841 motans
722 3791 858 3857 motum]
878 3800 930 3839 uon
948 3796 999 3838 usn
1019 3800 1106 3856 quasa.
1127 3787 1182 3841 Sat.

90 3856 122 3921 li,
140 3861 168 3923 5,
185 3858 232 3913 80.
266 3859 299 3910 01.
322 3854 374 3911 Sat.
395 3858 553 3925 11‚3,313.
581 3859 653 3927 virg.
673 3860 768 3927 Georg.
785 3857 830 3922 lv,
850 3856 908 3909 1111.
945 3853 1032 3909 Poetis
1050 3858 1100 3909 boc
1118 3872 1183 3926 pro·

90 3930 174 3994 prium
194 3935 222 3980 et
239 3929 271 3980 iis
288 3930 333 3997 qul
350 3939 441 3997 poetas
459 3931 542 3984 secuti
562 3937 629 3981 sunt

157 4034 192 4086 V.
216 4032 357 4084 111000
384 4032 469 4102 Epod.
490 4035 516 4097 5,
536 4035 578 4086 51.
597 4031 631 4084 01.
652 4032 729 4084 etiam
749 4029 812 4082 ibid.
833 4044 859 4080 r.
880 4031 921 4083 17.
940 4060 972 4073 -
998 4029 1056 4081 l'idi
1073 4036 1179 4102 spumet}

90 4101 136 4152 llic
153 4118 216 4153 cum
236 4103 337 4153 initium
357 4039 454 4155 11011001
481 4105 537 4171 ipsa
561 4104 598 4155 rei
617 4104 748 4164 narratio,
776 4103 859 4152 oratio
887 4100 998 4167 insurgit
1023 4097 1056 4150 ad
1082 4102 1184 4169 spicam

89 4172 220 4239 quandam
239 4177 400 4240 pravitatem.
438 4174 490 4225 lans
511 4173 598 4225 Sclol.
620 4172 876 4239 incomparationem
893 4177 1020 4221 vomrunt
1034 4169 1181 4238 innabant.

89 4240 133 4307 ΙΙΙ,
151 4245 219 4297 623.
234 4276 269 4286 -
292 4244 378 4314 mse]
399 4244 528 4311 Compara
548 4244 664 4296 lledeam
686 4242 754 4311 apud
772 4240 893 4294 Ovidium
912 4239 972 4294 bist.
991 4239 1047 4304 llll,
1068 4241 1129 4294 182:
1151 4272 1184 4283 -

89 4314 215 4381 8090001
234 4313 317 4380 Epod.
337 4314 364 4377 5,
382 4315 424 4366 25.
460 4316 541 4367 llaior
558 4313 721 4382 appellatur,
741 4311 785 4363 vel
803 4313 864 4380 quia
878 4322 998 4362 sororem
1015 4319 1077 4362 natu
1096 4312 1182 4363 unino-

88 4398 142 4435 resn
162 4384 323 4446 habuitne!
345 4387 406 4453 qaia
422 4388 553 4451 potentior
571 4386 620 4437 luit
637 4400 713 4453 quatu
734 4381 848 4434 Canidia
876 4383 911 4434 01.
930 4398 955 4433 v.
977 4379 1019 4432 lt.
1042 4411 1074 4424 -
1092 4389 1182 4433 stras-

87 4455 145 4528 0001
165 4455 225 4507 lion
247 4457 395 4507 necessaria
416 4459 723 4522 coniectura'utromqoe.
747 4454 781 4507 01.
802 4454 870 4523 Virg.
889 4453 956 4505 Aen.
975 4451 1017 4515 lll,
1036 4452 1098 4505 685
1127 4453 1182 4504 Cic.

87 4524 173 4593 Liger.
197 4525 240 4589 12,
257 4524 302 4579 36.
348 4524 411 4577 Sall.
430 4529 486 4580 Cat.
505 4526 548 4580 30.
585 4526 663 4582 Caes.
681 4525 711 4577 B.
730 4523 761 4582 G,
777 4524 799 4588 l,
815 4523 858 4584 bd,
900 4523 929 4575 B.
950 4522 980 4578 G.
1001 4522 1034 4585 ll,
1051 4522 1077 4576 6.
1121 4522 1183 4574 vide

137 4624 246 4667 liorauaa
260 4623 293 4666 ed
313 4624 471 4676 ntuenourw.
884 4628 888 4641 ⁸
966 4629 1014 4698 23
