3117 5042
169 3858 171 3865 ’
256 3850 276 3881 “
348 3922 350 3927 ,
377 3862 484 3926 Qualem
502 3863 611 3913 bomani
631 3852 799 3912 Hannibalem
818 3863 1008 3928 commorior,
1035 3878 1067 3912 ex
1096 3863 1144 3912 boc

813 479 839 542 b
849 480 942 544 1⁹01)
954 481 1015 543 (lli

572 662 669 738 marn
693 675 792 739 neque
811 656 930 723 notum
951 658 1118 719 valuerunt
1138 657 1270 737 perdere
1293 659 1384 721 blarsi

651 762 785 828 ldioacis
803 771 857 827 aut
878 764 1010 827 Etrusca
1033 765 1189 827 Porsenae
1207 784 1331 844 manus,

537 894 551 936 s
573 874 703 937 Aemula
724 891 782 934 nec
800 872 900 935 virtus
920 872 1046 969 Capuae
1067 891 1123 934 nec
1145 873 1317 953 Spartacus
1336 858 1410 965 acer)

651 981 807 1061 Norisque
826 979 918 1043 rebus
939 979 1071 1042 infidelis
1091 980 1267 1057 Allobrox,

571 1090 634 1152 lice
653 1090 723 1154 iera
745 1072 890 1151 eaerulelr
912 1087 1027 1150 domuit
1050 1087 1219 1152 (immania
1241 1090 1317 1170 pube

653 1195 899 1277 parentibusque
917 1194 1112 1259 abominatus
1134 1196 1299 1275 Hannibal,

571 1306 668 1386 lupia
689 1303 980 1386 perdemusderoti
1001 1304 1163 1386 sanguinis
1182 1312 1288 1381 oetas,

515 1432 544 1475 ro
567 1440 570 1446 «
649 1412 797 1493 llerisque
817 1426 924 1474 rursus
947 1411 1149 1492 occupabitur
1169 1414 1278 1476 solum.
1311 1484 1315 1489 ,

571 1520 731 1584 burburus
752 1518 1096 1611 beonoineresliusistet
1119 1520 1219 1582 victor
1237 1528 1271 1580 et
1293 1519 1397 1582 llrben

662 1627 764 1710 Eques
786 1633 917 1689 sonante
934 1626 1118 1689 verberabit
1139 1628 1271 1708 ungula,
1376 1634 1414 1687 ἢκ
1431 1666 1434 1675 .
1452 1664 1469 1673 ,.
1486 1670 1487 1679 ,
1506 1590 1522 1661 l

575 1738 722 1817 Quaeque
741 1741 849 1824 carent
870 1735 970 1797 ventis
991 1743 1023 1797 et
1043 1734 1160 1797 solibus
1179 1755 1253 1798 ossa
1277 1736 1406 1811 Quirini,

375 1877 418 1919 tae
438 1882 469 1917 ac
489 1864 642 1933 profligatae
661 1863 758 1915 nullam
774 1864 953 1916 restituendae
980 1864 1106 1917 libertatis
1127 1880 1200 1932 spem
1218 1865 1383 1934 reliquissent
1398 1880 1450 1914 uec-

373 1939 433 1989 dum
453 1938 572 1988 lloratius
591 1952 649 1986 cum
667 1936 795 1986 contrarie
823 1944 896 2002 parte
922 1939 957 1986 itu
982 1946 1071 2001 pacem
1092 1936 1199 1988 lecisset
1224 1946 1252 1987 ut
1279 1936 1386 1987 salutem
1402 1935 1451 1985 inde
1521 1918 1522 1975 Ῐ

372 2016 463 2077 posset
482 2004 661 2073 exspectare?
711 2007 796 2070 Quare
821 2008 944 2073 scriptum
971 2006 1073 2058 videtur
1091 2023 1194 2058 carmen
1204 2008 1229 2057 ‘a
1256 2023 1281 2058 u.
1302 2024 1325 2059 c.
1345 2007 1394 2060 713
1413 2007 1451 2057 sub
1521 2038 1522 2063 ,

372 2081 473 2130 initium
491 2078 552 2130 belli
575 2078 700 2129 Perusini.
738 2079 822 2129 Scene
842 2093 909 2143 quae
923 2079 1028 2127 carmini
1049 2080 1123 2146 qnasi
1145 2076 1263 2131 subiecta
1282 2086 1339 2142 est,
1365 2086 1451 2143 sumpta
1521 2110 1522 2127 i

374 2159 463 2201 estex
483 2150 610 2200 concione
628 2150 740 2212 ciuium,
765 2147 797 2197 ad
817 2164 882 2214 quos
903 2156 980 2214 poeta
999 2150 1053 2216 agit
1071 2149 1103 2199 de
1122 2148 1276 2216 republica3
1302 2157 1331 2199 ut
1353 2150 1451 2216 speciem
1521 2160 1522 2219 J

372 2220 496 2288 praebeat
514 2222 638 2271 orationis
657 2218 689 2270 ad
709 2218 833 2285 populum
851 2218 954 2270 habitae
975 2229 1114 2282 metrorum
1132 2220 1243 2272 vinculis
1271 2219 1450 2271 circumclusae.
1521 2222 1522 2233 ¹

372 2292 402 2345 ln
425 2306 476 2359 qua
494 2307 521 2342 re
541 2284 689 2358 quaerenda
707 2290 767 2339 milri
791 2288 892 2341 videtur
910 2286 988 2340 causis
1005 2289 1131 2342 molestae
1149 2291 1284 2342 cuiusdam
1302 2291 1419 2341 ubertatis
1429 2304 1453 2338 rc
1521 2350 1522 2353 Ἴ

372 2377 458 2430 paene
476 2363 585 2412 vitiosae
611 2360 768 2422 latitudinis,
798 2375 873 2427 quam
891 2369 920 2410 ut
940 2362 965 2410 in
984 2376 1077 2427 nrugna
1095 2362 1234 2428 figurarum
1253 2369 1306 2416 red
1325 2362 1453 2414 ἀδυνάτου
1521 2402 1522 2405 ,

374 2435 451 2502 copia
476 2435 512 2483 ita
540 2434 569 2491 in
593 2433 671 2482 nimia
695 2433 881 2482 fortunatarum
906 2430 1047 2495 insularum
1078 2432 1254 2499 descriptione
1286 2432 1453 2499 reprehendar.
1521 2436 1522 2457 ¹

373 2505 494 2555 Ceterum
514 2502 769 2553 animadvertendum
789 2510 838 2565 est,
850 2502 1026 2569 ,principalem
1037 2506 1191 2555 seutentiam
1201 2502 1310 2555 eandem
1323 2519 1380 2555 esse
1391 2517 1454 2570 quior

372 2577 399 2626 in
416 2573 498 2641 Epod.
518 2574 532 2626 7
551 2574 639 2624 inesse
657 2572 775 2624 vidimus.
1003 2584 1008 2592 ·
1055 2594 1060 2599 ·

444 2661 476 2709 V.
499 2662 520 2710 l.
547 2660 649 2725 Altera]
674 2675 732 2710 narn
751 2658 860 2711 Sullana
881 2667 952 2709 netas
971 2660 1053 2724 prima
1071 2659 1128 2709 luit.
1166 2690 1201 2700 -
1236 2661 1291 2711 ruis
1311 2658 1414 2732 etipse]
1432 2656 1454 2708 ln
1521 2686 1522 2727 1

377 2729 490 2800 pedestri
510 2732 628 2781 oratione
653 2729 825 2781 scriberemus
845 2731 898 2781 nris
920 2731 1000 2797 ipsius
1020 2731 1135 2793 oiribasp
1166 2738 1190 2781 et
1208 2730 1332 2781 enclicita
1351 2740 1397 2782 est
1428 2727 1455 2778 ei.
1521 2734 1522 2737 ’

374 2801 457 2869 Epod.
479 2803 503 2865 7,
521 2801 578 2869 ssq
607 2832 638 2842 -
658 2800 752 2870 Marsi}
772 2801 829 2853 Tria
850 2801 876 2851 in
896 2800 935 2851 bis
948 2800 1067 2852 versibus
1086 2800 1247 2852 diversorum
1262 2801 1373 2855 bostium
1391 2800 1454 2868 quasi

375 2871 501 2941 quaedam
520 2881 603 2922 castra
624 2873 778 2934 coniuncta,
809 2871 976 2922 distichorum
994 2873 1078 2938 spatio
1099 2874 1166 2922 inter
1187 2888 1217 2922 se
1235 2871 1327 2927 divisa.
1369 2872 1397 2923 ln
1414 2885 1455 2938 qm

375 2961 404 2996 re
424 2942 492 3010 quod
519 2943 708 2995 diversissimas
736 2958 854 3010 quasque
883 2944 1002 2997 nationes
1021 2943 1156 2993 coniunxit
1172 2951 1268 3008 poeta,
1296 2944 1321 3001 id
1349 2940 1454 2993 consulto

377 3016 473 3066 fectum
492 3021 565 3079 puto,
587 3014 704 3063 nimirum
723 3028 776 3079 quo
795 3013 878 3079 magle
890 3020 990 3079 pateret
1008 3012 1072 3062 nibil
1090 3028 1203 3079 unquam
1221 3013 1304 3064 luisse
1325 3013 1394 3082 quod
1410 3013 1454 3063 llo-
1521 3060 1522 3075 ,

375 3100 476 3145 manum
493 3091 648 3150 potestatem
665 3084 819 3134 imminuere
838 3084 973 3149 potuisset.
1011 3083 1062 3134 lam
1086 3083 1166 3134 babes
1187 3085 1265 3135 etiarn
1287 3101 1334 3135 cur
1349 3101 1392 3139 rr.
1408 3083 1456 3134 bet
1521 3148 1522 3151 Ἴ

376 3156 394 3209 8
413 3170 464 3205 neu
485 3154 604 3204 videatur
624 3156 800 3204 necessarium
811 3153 934 3206 librorum
945 3152 1095 3220 particulam
1107 3156 1191 3220 quein
1202 3164 1349 3206 aemulare.
1367 3185 1400 3199 -
1412 3154 1457 3205 Co·
1521 3162 1522 3165 ’

373 3223 891 3361 tttlut'tidelttntllloii
908 3224 1457 3364 attlttlttsllttstdettlil}

375 3368 483 3418 ritatem
502 3381 533 3416 ac
554 3380 648 3416 nornen
667 3367 822 3417 sustinere.“
833 3399 863 3410 -
876 3366 1013 3435 Allabroc]
1034 3366 1317 3419 Videndunecessario
1327 3368 1457 3419 coniuratio
1521 3386 1522 3389 ¹

376 3436 527 3489 Catilineria
545 3447 572 3489 et
592 3435 689 3487 bellum
707 3438 849 3505 quoduam
871 3446 987 3487 secutum
1008 3446 1055 3488 est.
1101 3440 1154 3489 Cic.
1173 3437 1207 3489 dc
1227 3454 1300 3504 prov.
1325 3455 1397 3491 cons.
1417 3437 1456 3488 13:

377 3510 406 3561 C.
425 3509 585 3575 Pomptinius
613 3516 695 3559 ortrrm
723 3516 832 3574 repente
856 3507 952 3558 bellum
968 3508 1138 3574 Allobrogum
1165 3517 1243 3576 atque
1267 3509 1317 3560 bac
1342 3510 1456 3560 scelerate
1521 3518 1522 3521 ’

377 3581 556 3631 coniuratione
577 3578 732 3647 (Catilinae)
750 3580 889 3629 excitatum
906 3580 1015 3645 proeliis
1035 3580 1113 3645 tregit
1132 3593 1231 3647 eosque
1248 3580 1349 3631 domuit
1365 3582 1406 3649 qui
1423 3578 1456 3629 ln-

377 3653 543 3702 cessierant.“
580 3650 737 3715 Allobroges
755 3648 821 3699 Galli
841 3658 930 3713 erent,
957 3650 989 3700 de
1007 3666 1115 3718 quorum
1135 3665 1259 3701 novarum
1280 3667 1367 3703 rerum
1385 3649 1457 3702 studio

377 3723 537 3772 certissimus
556 3720 630 3773 locus
652 3728 692 3771 est
710 3719 785 3770 Caes.
802 3719 833 3771 B.
856 3720 884 3770 G.
903 3720 945 3783 IV,
967 3722 992 3773 5.
1039 3720 1161 3772 Ceterum
1181 3721 1322 3788 singularis
1345 3722 1457 3774 Allobrox
1521 3736 1522 3793 ᾗ

375 3808 429 3842 non
448 3793 544 3861 legitur
565 3793 613 3841 nisi
635 3793 660 3841 in
680 3799 814 3857 poetarum
833 3789 924 3842 libris<
944 3821 979 3832 -
1010 3790 1173 3911 parentibus}
1205 3793 1346 3859 maioribus
1365 3793 1456 3845 nestris
1521 3800 1522 3859 ᾗ

1174 3877 1223 3913 oco
1239 3864 1359 3917 Senecae
1377 3860 1456 3915 de'irs

267 3960 270 3969 =
377 3932 410 3995 lt,
428 3934 445 3985 5
464 3932 616 4001 intelligas:
644 3932 837 3995 „Hannibalem
855 3935 927 3983 aiunt
944 3933 1056 3995 dixisse,
1076 3948 1132 3983 cum
1152 3932 1251 3985 lessam
1270 3937 1397 4003 sauguine
1415 3934 1458 3984 bu-

205 4000 239 4007 *
310 4042 314 4047 .
376 4003 578 4070 manopleoam
595 4003 718 4053 vidisset:
737 4019 752 4053 o
771 4003 911 4053 formosum
931 4003 1133 4069 spectaculuml-
1156 4003 1257 4067 Quanto
1275 4006 1407 4071 pulchrius
1425 4001 1456 4054 illi
1521 4046 1522 4055 ,

375 4076 460 4125 visum
486 4083 569 4138 esset,
590 4076 611 4125 si
630 4074 724 4124 llumen
744 4073 851 4141 aliquod
869 4074 1006 4141 lacumque
1028 4073 1193 4140 complesset.
1231 4076 1298 4138 Quid
1319 4080 1422 4137 mirum,
1439 4073 1456 4123 sl

294 4182 311 4205 4
377 4145 427 4196 hoc
445 4147 554 4205 maxime
581 4145 732 4212 spectaculo
751 4146 852 4211 ceperis
871 4147 974 4195 innatus
992 4147 1109 4212 sarrguiui
1129 4154 1157 4195 et
1173 4147 1205 4196 ab
1226 4147 1326 4197 infante
1346 4147 1457 4199 creditos
1521 4166 1522 4177 π

376 4215 543 4268 admotusl“
579 4248 607 4257 -
643 4216 816 4287 abominatur]
835 4218 939 4281 passive
959 4224 986 4266 ut
1007 4216 1061 4267 Lir.
1081 4216 1177 4275 xxxi,
1193 4218 1234 4277 te,
1257 4218 1282 4270 8.
1306 4249 1341 4258 —·
1368 4212 1457 4295 error}

376 4295 482 4338 utente
501 4285 591 4343 urbem
612 4286 797 4355 eonditnmy-
819 4288 920 4338 cineres
937 4288 1048 4353 inauret}
1069 4287 1195 4353 Apposite
1213 4288 1245 4338 od
1267 4290 1376 4355 primam
1395 4285 1458 4337 rerbr
1521 4284 1522 4289 ’

376 4358 593 4423 significationem
612 4358 692 4408 oritur
717 4360 757 4407 vis
785 4356 907 4408 calcandi
924 4365 951 4407 et
970 4357 1114 4407 insultandi
1132 4372 1190 4408 curn
1209 4360 1317 4409 notione
1335 4368 1459 4410 contume-
1521 4364 1522 4405 ἶ

377 4428 429 4477 liae
448 4436 474 4483 et
494 4429 692 4497 contemptionis
710 4429 787 4477 etiem
813 4430 839 4478 in
862 4427 943 4478 verbo
968 4429 1113 4478 verberabit
1140 4431 1305 4495 conspicua}
1332 4445 1415 4498 neque
1431 4429 1460 4479 itt
1521 4454 1522 4489 3

378 4511 451 4547 rer-ns
469 4504 509 4550 est
525 4499 688 4548 aecusativus
709 4497 805 4548 obiecti
824 4507 929 4564 propter
948 4507 1071 4564 cognatas
1090 4498 1218 4565 adeundi,
1239 4502 1362 4562 ineundi,
1380 4503 1461 4566 ingro-

379 4565 465 4618 diendi
485 4568 613 4619 notiones.
636 4597 667 4608 -
686 4572 787 4638 carent]
808 4567 835 4620 lu.
852 4584 876 4620 e.
895 4584 964 4620 nunc
982 4569 1165 4635 defenduntur,
1183 4572 1247 4639 quia
1265 4572 1460 4624 domanissrcrn
