<?xml version="1.0" encoding="UTF-8"?>
<!DOCTYPE html PUBLIC "-//W3C//DTD XHTML 1.0 Transitional//EN"
    "http://www.w3.org/TR/xhtml1/DTD/xhtml1-transitional.dtd">
<html xmlns="http://www.w3.org/1999/xhtml" xml:lang="en" lang="en">
 <head>
  <title>
</title>
<meta http-equiv="Content-Type" content="text/html;charset=utf-8" />
  <meta name='ocr-system' content='tesseract 3.04.00' />
  <meta name='ocr-capabilities' content='ocr_page ocr_carea ocr_par ocr_line ocrx_word'/>
</head>
<body>
  <div class='ocr_page' id='page_1' title='image "./operaomnia00dillgoog_0367.png"; bbox 0 0 3117 5042; ppageno 0'>
   <div class='ocr_carea' id='block_1_1' title="bbox 410 424 1162 490">
    <p class='ocr_par' dir='ltr' id='par_1_1' title="bbox 410 424 1162 490">
     <span class='ocr_line' id='line_1_1' title="bbox 410 424 1162 490; baseline 0.001 -2"><span class='ocrx_word' id='word_1_1' title='bbox 410 424 503 488; x_wconf 81' lang='lat' dir='ltr'><strong>titt.</strong></span> <span class='ocrx_word' id='word_1_2' title='bbox 523 426 546 488; x_wconf 91' lang='lat' dir='ltr'><strong>l.</strong></span> <span class='ocrx_word' id='word_1_3' title='bbox 576 427 682 489; x_wconf 83' lang='lat' dir='ltr'><strong>SAT.</strong></span> <span class='ocrx_word' id='word_1_4' title='bbox 708 426 759 488; x_wconf 88' lang='lat' dir='ltr'><strong>Vl.</strong></span> <span class='ocrx_word' id='word_1_5' title='bbox 784 427 848 489; x_wconf 90' lang='lat' dir='ltr'><strong>Vll.</strong></span> <span class='ocrx_word' id='word_1_6' title='bbox 1099 430 1162 490; x_wconf 79' lang='lat' dir='ltr'><strong>ate</strong></span> 
     </span>
    </p>
   </div>
   <div class='ocr_carea' id='block_1_2' title="bbox 112 605 1084 1121">
    <p class='ocr_par' dir='ltr' id='par_1_2' title="bbox 112 605 1084 1121">
     <span class='ocr_line' id='line_1_2' title="bbox 166 605 971 688; baseline 0 -20"><span class='ocrx_word' id='word_1_7' title='bbox 166 608 299 670; x_wconf 79' lang='lat' dir='ltr'><strong>Pransus</strong></span> <span class='ocrx_word' id='word_1_8' title='bbox 320 626 381 669; x_wconf 90' lang='lat' dir='ltr'><strong>aon</strong></span> <span class='ocrx_word' id='word_1_9' title='bbox 399 605 500 682; x_wconf 84' lang='lat' dir='ltr'><strong>avide,</strong></span> <span class='ocrx_word' id='word_1_10' title='bbox 522 612 665 688; x_wconf 86' lang='lat' dir='ltr'><strong>quantum</strong></span> <span class='ocrx_word' id='word_1_11' title='bbox 690 606 865 687; x_wconf 85' lang='lat' dir='ltr'><strong>interpellet</strong></span> <span class='ocrx_word' id='word_1_12' title='bbox 887 607 971 669; x_wconf 89' lang='lat' dir='ltr'><strong>innui</strong></span> 
     </span>
     <span class='ocr_line' id='line_1_3' title="bbox 168 714 1046 790; baseline -0.002 -14"><span class='ocrx_word' id='word_1_13' title='bbox 168 717 284 778; x_wconf 77' lang='lat' dir='ltr'><strong>ventre</strong></span> <span class='ocrx_word' id='word_1_14' title='bbox 306 716 384 777; x_wconf 87' lang='lat' dir='ltr'><strong>diem</strong></span> <span class='ocrx_word' id='word_1_15' title='bbox 406 715 539 790; x_wconf 89' lang='lat' dir='ltr'><strong>durare,</strong></span> <span class='ocrx_word' id='word_1_16' title='bbox 561 714 743 777; x_wconf 88' lang='lat' dir='ltr'><strong>domesticus</strong></span> <span class='ocrx_word' id='word_1_17' title='bbox 760 716 852 778; x_wconf 89' lang='lat' dir='ltr'><strong>otior.</strong></span> <span class='ocrx_word' id='word_1_18' title='bbox 895 715 977 777; x_wconf 85' lang='lat' dir='ltr'><strong>llaec</strong></span> <span class='ocrx_word' id='word_1_19' title='bbox 999 724 1046 775; x_wconf 89' lang='lat' dir='ltr'><strong>est</strong></span> 
     </span>
     <span class='ocr_line' id='line_1_4' title="bbox 166 823 1042 915; baseline 0.002 -32"><span class='ocrx_word' id='word_1_20' title='bbox 166 824 237 886; x_wconf 81' lang='lat' dir='ltr'><strong>Vita</strong></span> <span class='ocrx_word' id='word_1_21' title='bbox 259 826 429 885; x_wconf 80' lang='lat' dir='ltr'><strong>solutorum</strong></span> <span class='ocrx_word' id='word_1_22' title='bbox 448 823 562 885; x_wconf 84' lang='lat' dir='ltr'><strong>misera</strong></span> <span class='ocrx_word' id='word_1_23' title='bbox 583 823 746 889; x_wconf 76' lang='lat' dir='ltr'><strong>ambitione</strong></span> <span class='ocrx_word' id='word_1_24' title='bbox 766 823 938 905; x_wconf 83' lang='lat' dir='ltr'><strong>gravique3</strong></span> <span class='ocrx_word' id='word_1_25' title='bbox 1035 862 1042 915; x_wconf 70' lang='lat' dir='ltr'><strong>p</strong></span> 
     </span>
     <span class='ocr_line' id='line_1_5' title="bbox 112 930 944 1017; baseline 0.004 -28"><span class='ocrx_word' id='word_1_26' title='bbox 112 949 152 992; x_wconf 82' lang='lat' dir='ltr'><strong>rso</strong></span> <span class='ocrx_word' id='word_1_27' title='bbox 173 932 227 993; x_wconf 79' lang='lat' dir='ltr'><strong>llis</strong></span> <span class='ocrx_word' id='word_1_28' title='bbox 246 952 294 995; x_wconf 84' lang='lat' dir='ltr'><strong>ure</strong></span> <span class='ocrx_word' id='word_1_29' title='bbox 315 930 458 995; x_wconf 86' lang='lat' dir='ltr'><strong>consolor</strong></span> <span class='ocrx_word' id='word_1_30' title='bbox 479 931 773 1017; x_wconf 77' lang='lat' dir='ltr'><strong>victurumsuavius</strong></span> <span class='ocrx_word' id='word_1_31' title='bbox 793 951 832 994; x_wconf 84' lang='lat' dir='ltr'><strong>no</strong></span> <span class='ocrx_word' id='word_1_32' title='bbox 853 931 879 992; x_wconf 89' lang='lat' dir='ltr'><strong>si</strong></span> <span class='ocrx_word' id='word_1_33' title='bbox 941 940 944 955; x_wconf 84' lang='grc'><em>·</em></span> 
     </span>
     <span class='ocr_line' id='line_1_6' title="bbox 164 1023 1084 1121; baseline -0.009 -20"><span class='ocrx_word' id='word_1_34' title='bbox 164 1023 317 1116; x_wconf 69' lang='lat' dir='ltr'><strong>Quamtor</strong></span> <span class='ocrx_word' id='word_1_35' title='bbox 338 1059 416 1102; x_wconf 87' lang='lat' dir='ltr'><strong>avus</strong></span> <span class='ocrx_word' id='word_1_36' title='bbox 437 1048 525 1120; x_wconf 89' lang='lat' dir='ltr'><strong>pater</strong></span> <span class='ocrx_word' id='word_1_37' title='bbox 547 1046 639 1121; x_wconf 87' lang='lat' dir='ltr'><strong>atque</strong></span> <span class='ocrx_word' id='word_1_38' title='bbox 656 1058 739 1107; x_wconf 88' lang='lat' dir='ltr'><strong>meus</strong></span> <span class='ocrx_word' id='word_1_39' title='bbox 761 1046 946 1121; x_wconf 85' lang='lat' dir='ltr'><strong>patruusque</strong></span> <span class='ocrx_word' id='word_1_40' title='bbox 969 1038 1084 1100; x_wconf 85' lang='lat' dir='ltr'><strong>fuisset.</strong></span> 
     </span>
    </p>
   </div>
   <div class='ocr_carea' id='block_1_3' title="bbox 574 1235 717 1244">
    <p class='ocr_par' dir='ltr' id='par_1_3' title="bbox 574 1235 717 1244">
     <span class='ocr_line' id='line_1_7' title="bbox 574 1235 717 1244; baseline -0.014 -1"><span class='ocrx_word' id='word_1_41' title='bbox 574 1236 663 1244; x_wconf 50' lang='grc' dir='ltr'><strong>..μ-,-</strong></span> <span class='ocrx_word' id='word_1_42' title='bbox 673 1235 696 1241; x_wconf 66' lang='lat'><strong>0—-</strong></span> <span class='ocrx_word' id='word_1_43' title='bbox 710 1236 717 1241; x_wconf 65' lang='grc'><strong>-</strong></span> 
     </span>
    </p>
   </div>
   <div class='ocr_carea' id='block_1_4' title="bbox 496 1446 748 1545">
    <p class='ocr_par' dir='ltr' id='par_1_4' title="bbox 496 1446 748 1545">
     <span class='ocr_line' id='line_1_8' title="bbox 496 1446 748 1545; baseline -0.008 0"><span class='ocrx_word' id='word_1_44' title='bbox 496 1446 650 1545; x_wconf 60' lang='lat' dir='ltr'><strong>sariri</strong></span> <span class='ocrx_word' id='word_1_45' title='bbox 679 1474 748 1544; x_wconf 89' lang='lat' dir='ltr'><strong>vu.</strong></span> 
     </span>
    </p>
   </div>
   <div class='ocr_carea' id='block_1_5' title="bbox 165 1614 980 1827">
    <p class='ocr_par' dir='ltr' id='par_1_5' title="bbox 165 1614 980 1827">
     <span class='ocr_line' id='line_1_9' title="bbox 166 1614 980 1718; baseline 0.001 -21"><span class='ocrx_word' id='word_1_46' title='bbox 166 1630 333 1716; x_wconf 79' lang='lat' dir='ltr'><strong>Proscripti</strong></span> <span class='ocrx_word' id='word_1_47' title='bbox 357 1636 452 1718; x_wconf 87' lang='lat' dir='ltr'><strong>Begis</strong></span> <span class='ocrx_word' id='word_1_48' title='bbox 471 1637 572 1718; x_wconf 78' lang='lat' dir='ltr'>Rupili</span> <span class='ocrx_word' id='word_1_49' title='bbox 589 1614 651 1716; x_wconf 30' lang='lat' dir='ltr'><strong>*pus</strong></span> <span class='ocrx_word' id='word_1_50' title='bbox 672 1641 765 1716; x_wconf 89' lang='lat' dir='ltr'><strong>atque</strong></span> <span class='ocrx_word' id='word_1_51' title='bbox 787 1653 934 1703; x_wconf 82' lang='lat' dir='ltr'><strong>venenum</strong></span> <span class='ocrx_word' id='word_1_52' title='bbox 975 1676 980 1685; x_wconf 57' lang='grc' dir='ltr'><em>ι</em></span> 
     </span>
     <span class='ocr_line' id='line_1_10' title="bbox 165 1744 963 1827; baseline -0.004 -20"><span class='ocrx_word' id='word_1_53' title='bbox 165 1744 304 1822; x_wconf 75' lang='lat' dir='ltr'><strong>Hybrida</strong></span> <span class='ocrx_word' id='word_1_54' title='bbox 326 1764 385 1827; x_wconf 89' lang='lat' dir='ltr'><strong>quo</strong></span> <span class='ocrx_word' id='word_1_55' title='bbox 405 1754 495 1827; x_wconf 87' lang='lat' dir='ltr'><strong>paeto</strong></span> <span class='ocrx_word' id='word_1_56' title='bbox 515 1746 555 1806; x_wconf 84' lang='lat' dir='ltr'><strong>sit</strong></span> <span class='ocrx_word' id='word_1_57' title='bbox 585 1744 706 1806; x_wconf 83' lang='lat' dir='ltr'><strong>Persius</strong></span> <span class='ocrx_word' id='word_1_58' title='bbox 730 1745 831 1821; x_wconf 86' lang='lat' dir='ltr'><strong>ultus,</strong></span> <span class='ocrx_word' id='word_1_59' title='bbox 853 1744 963 1824; x_wconf 79' lang='lat' dir='ltr'><strong>opinor</strong></span> 
     </span>
    </p>
   </div>
   <div class='ocr_carea' id='block_1_6' title="bbox 92 1944 1175 2300">
    <p class='ocr_par' dir='ltr' id='par_1_6' title="bbox 92 1944 1175 2300">
     <span class='ocr_line' id='line_1_11' title="bbox 94 1944 1174 2017; baseline -0.002 -19"><span class='ocrx_word' id='word_1_60' title='bbox 94 1947 234 2013; x_wconf 85' lang='lat' dir='ltr'><strong>posthabita</strong></span> <span class='ocrx_word' id='word_1_61' title='bbox 256 1957 295 1999; x_wconf 88' lang='lat' dir='ltr'><strong>est</strong></span> <span class='ocrx_word' id='word_1_62' title='bbox 317 1951 392 2000; x_wconf 92' lang='lat' dir='ltr'><strong>unius</strong></span> <span class='ocrx_word' id='word_1_63' title='bbox 411 1950 508 2017; x_wconf 76' lang='lat' dir='ltr'><strong>antiqui</strong></span> <span class='ocrx_word' id='word_1_64' title='bbox 530 1948 626 1999; x_wconf 88' lang='lat' dir='ltr'><strong>codicis</strong></span> <span class='ocrx_word' id='word_1_65' title='bbox 647 1948 839 2015; x_wconf 76' lang='lat' dir='ltr'><strong>interpolationi</strong></span> <span class='ocrx_word' id='word_1_66' title='bbox 853 1950 925 2016; x_wconf 72' lang='lat' dir='ltr'><strong>[sepio</strong></span> <span class='ocrx_word' id='word_1_67' title='bbox 945 1944 1174 2015; x_wconf 76' lang='lat' dir='ltr'><strong>Campumlusum-</strong></span> 
     </span>
     <span class='ocr_line' id='line_1_12' title="bbox 93 2018 1174 2088; baseline -0.004 -17"><span class='ocrx_word' id='word_1_68' title='bbox 93 2036 135 2086; x_wconf 79' lang='lat' dir='ltr'><strong>quc</strong></span> <span class='ocrx_word' id='word_1_69' title='bbox 154 2022 288 2088; x_wconf 74' lang='lat' dir='ltr'><strong>triqonent</strong></span> <span class='ocrx_word' id='word_1_70' title='bbox 324 2019 418 2087; x_wconf 86' lang='lat' dir='ltr'><strong>Trigon</strong></span> <span class='ocrx_word' id='word_1_71' title='bbox 438 2018 540 2087; x_wconf 89' lang='lat' dir='ltr'><strong>quidem</strong></span> <span class='ocrx_word' id='word_1_72' title='bbox 558 2020 707 2087; x_wconf 64' lang='lat' dir='ltr'><strong>genunium</strong></span> <span class='ocrx_word' id='word_1_73' title='bbox 726 2020 796 2087; x_wconf 89' lang='lat' dir='ltr'><strong>pilae</strong></span> <span class='ocrx_word' id='word_1_74' title='bbox 805 2022 935 2081; x_wconf 88' lang='lat' dir='ltr'><strong>minimae,</strong></span> <span class='ocrx_word' id='word_1_75' title='bbox 956 2018 1016 2069; x_wconf 87' lang='lat' dir='ltr'><strong>inde</strong></span> <span class='ocrx_word' id='word_1_76' title='bbox 1028 2019 1174 2068; x_wconf 77' lang='lat' dir='ltr'><strong>nominatae</strong></span> 
     </span>
     <span class='ocr_line' id='line_1_13' title="bbox 92 2087 1173 2159; baseline -0.001 -19"><span class='ocrx_word' id='word_1_77' title='bbox 92 2091 154 2157; x_wconf 92' lang='lat' dir='ltr'><strong>quod</strong></span> <span class='ocrx_word' id='word_1_78' title='bbox 173 2108 187 2141; x_wconf 87' lang='lat' dir='ltr'><strong>a</strong></span> <span class='ocrx_word' id='word_1_79' title='bbox 208 2090 291 2142; x_wconf 87' lang='lat' dir='ltr'><strong>tribus</strong></span> <span class='ocrx_word' id='word_1_80' title='bbox 310 2090 453 2142; x_wconf 83' lang='lat' dir='ltr'><strong>iactabatur</strong></span> <span class='ocrx_word' id='word_1_81' title='bbox 473 2089 620 2141; x_wconf 86' lang='lat' dir='ltr'><strong>ludentibus</strong></span> <span class='ocrx_word' id='word_1_82' title='bbox 640 2099 667 2141; x_wconf 90' lang='lat' dir='ltr'><strong>et</strong></span> <span class='ocrx_word' id='word_1_83' title='bbox 685 2092 719 2141; x_wconf 87' lang='lat' dir='ltr'><strong>ita</strong></span> <span class='ocrx_word' id='word_1_84' title='bbox 733 2091 875 2157; x_wconf 88' lang='lat' dir='ltr'><strong>dispositis,</strong></span> <span class='ocrx_word' id='word_1_85' title='bbox 894 2099 922 2141; x_wconf 90' lang='lat' dir='ltr'><strong>ut</strong></span> <span class='ocrx_word' id='word_1_86' title='bbox 934 2088 1054 2159; x_wconf 83' lang='lat' dir='ltr'><strong>trianguli</strong></span> <span class='ocrx_word' id='word_1_87' title='bbox 1065 2087 1173 2139; x_wconf 84' lang='lat' dir='ltr'><strong>lormnm</strong></span> 
     </span>
     <span class='ocr_line' id='line_1_14' title="bbox 92 2158 1174 2230; baseline -0.002 -19"><span class='ocrx_word' id='word_1_88' title='bbox 92 2162 230 2213; x_wconf 83' lang='lat' dir='ltr'><strong>efficerent.</strong></span> <span class='ocrx_word' id='word_1_89' title='bbox 268 2161 318 2214; x_wconf 89' lang='lat' dir='ltr'><strong>Sed</strong></span> <span class='ocrx_word' id='word_1_90' title='bbox 338 2162 448 2213; x_wconf 86' lang='lat' dir='ltr'><strong>obscure</strong></span> <span class='ocrx_word' id='word_1_91' title='bbox 468 2162 562 2213; x_wconf 88' lang='lat' dir='ltr'><strong>dictum</strong></span> <span class='ocrx_word' id='word_1_92' title='bbox 585 2161 666 2212; x_wconf 84' lang='lat' dir='ltr'><strong>lurum</strong></span> <span class='ocrx_word' id='word_1_93' title='bbox 683 2164 810 2230; x_wconf 72' lang='lat' dir='ltr'><strong>luiponem</strong></span> <span class='ocrx_word' id='word_1_94' title='bbox 827 2176 874 2229; x_wconf 87' lang='lat' dir='ltr'><strong>pro</strong></span> <span class='ocrx_word' id='word_1_95' title='bbox 892 2162 974 2212; x_wconf 78' lang='lat' dir='ltr'><strong>laesum</strong></span> <span class='ocrx_word' id='word_1_96' title='bbox 991 2158 1048 2229; x_wconf 78' lang='lat' dir='ltr'><strong>(vel</strong></span> <span class='ocrx_word' id='word_1_97' title='bbox 1072 2159 1174 2227; x_wconf 84' lang='lat' dir='ltr'><strong>ludum)</strong></span> 
     </span>
     <span class='ocr_line' id='line_1_15' title="bbox 94 2230 1175 2300; baseline -0.001 -17"><span class='ocrx_word' id='word_1_98' title='bbox 94 2234 211 2300; x_wconf 73' lang='lat' dir='ltr'><strong>triponis3</strong></span> <span class='ocrx_word' id='word_1_99' title='bbox 242 2232 336 2285; x_wconf 86' lang='lat' dir='ltr'><strong>deinde</strong></span> <span class='ocrx_word' id='word_1_100' title='bbox 357 2236 392 2285; x_wconf 84' lang='lat' dir='ltr'><strong>ite</strong></span> <span class='ocrx_word' id='word_1_101' title='bbox 410 2234 505 2284; x_wconf 77' lang='lat' dir='ltr'><strong>non‘in</strong></span> <span class='ocrx_word' id='word_1_102' title='bbox 524 2230 621 2298; x_wconf 86' lang='lat' dir='ltr'><strong>Campo</strong></span> <span class='ocrx_word' id='word_1_103' title='bbox 638 2232 773 2283; x_wconf 89' lang='lat' dir='ltr'><strong>ludebatur</strong></span> <span class='ocrx_word' id='word_1_104' title='bbox 791 2233 836 2284; x_wconf 90' lang='lat' dir='ltr'><strong>sed</strong></span> <span class='ocrx_word' id='word_1_105' title='bbox 858 2234 884 2283; x_wconf 91' lang='lat' dir='ltr'><strong>in</strong></span> <span class='ocrx_word' id='word_1_106' title='bbox 903 2231 1102 2298; x_wconf 70' lang='lat' dir='ltr'><strong>sphaeristerio,</strong></span> <span class='ocrx_word' id='word_1_107' title='bbox 1121 2238 1175 2282; x_wconf 86' lang='lat' dir='ltr'><strong>tum</strong></span> 
     </span>
    </p>
   </div>
   <div class='ocr_carea' id='block_1_7' title="bbox 93 2300 1260 2371">
    <p class='ocr_par' dir='ltr' id='par_1_7' title="bbox 93 2300 1260 2371">
     <span class='ocr_line' id='line_1_16' title="bbox 93 2300 1260 2371; baseline 0 -19"><span class='ocrx_word' id='word_1_108' title='bbox 93 2305 258 2355; x_wconf 74' lang='lat' dir='ltr'><strong>veliementer</strong></span> <span class='ocrx_word' id='word_1_109' title='bbox 275 2300 449 2367; x_wconf 81' lang='lat' dir='ltr'><strong>dubitdndum,</strong></span> <span class='ocrx_word' id='word_1_110' title='bbox 468 2310 527 2354; x_wconf 88' lang='lat' dir='ltr'><strong>num</strong></span> <span class='ocrx_word' id='word_1_111' title='bbox 547 2302 595 2353; x_wconf 87' lang='lat' dir='ltr'><strong>bae</strong></span> <span class='ocrx_word' id='word_1_112' title='bbox 615 2308 699 2354; x_wconf 87' lang='lat' dir='ltr'><strong>aetate</strong></span> <span class='ocrx_word' id='word_1_113' title='bbox 720 2305 827 2371; x_wconf 86' lang='lat' dir='ltr'><strong>trigonis</strong></span> <span class='ocrx_word' id='word_1_114' title='bbox 846 2319 939 2354; x_wconf 89' lang='lat' dir='ltr'><strong>nomen</strong></span> <span class='ocrx_word' id='word_1_115' title='bbox 957 2304 1006 2353; x_wconf 88' lang='lat' dir='ltr'><strong>iam</strong></span> <span class='ocrx_word' id='word_1_116' title='bbox 1026 2308 1175 2368; x_wconf 88' lang='lat' dir='ltr'><strong>usurpatum</strong></span> <span class='ocrx_word' id='word_1_117' title='bbox 1255 2324 1260 2337; x_wconf 73' lang='lat'><strong><em>¹</em></strong></span> 
     </span>
    </p>
   </div>
   <div class='ocr_carea' id='block_1_8' title="bbox 91 2370 1175 2726">
    <p class='ocr_par' dir='ltr' id='par_1_8' title="bbox 91 2370 1175 2726">
     <span class='ocr_line' id='line_1_17' title="bbox 92 2370 1174 2442; baseline -0.002 -18"><span class='ocrx_word' id='word_1_118' title='bbox 92 2374 169 2439; x_wconf 89' lang='lat' dir='ltr'><strong>luerit,</strong></span> <span class='ocrx_word' id='word_1_119' title='bbox 188 2392 249 2426; x_wconf 89' lang='lat' dir='ltr'><strong>cnm</strong></span> <span class='ocrx_word' id='word_1_120' title='bbox 266 2385 326 2426; x_wconf 83' lang='lat' dir='ltr'><strong>unte</strong></span> <span class='ocrx_word' id='word_1_121' title='bbox 344 2375 483 2429; x_wconf 84' lang='lat' dir='ltr'><strong>dlnrtinlem</strong></span> <span class='ocrx_word' id='word_1_122' title='bbox 503 2386 628 2442; x_wconf 88' lang='lat' dir='ltr'><strong>nusquam</strong></span> <span class='ocrx_word' id='word_1_123' title='bbox 647 2373 755 2441; x_wconf 78' lang='lat' dir='ltr'><strong>legetur.</strong></span> <span class='ocrx_word' id='word_1_124' title='bbox 786 2377 909 2426; x_wconf 83' lang='lat' dir='ltr'><strong>Veterem</strong></span> <span class='ocrx_word' id='word_1_125' title='bbox 923 2389 982 2425; x_wconf 87' lang='lat' dir='ltr'><strong>esse</strong></span> <span class='ocrx_word' id='word_1_126' title='bbox 1001 2370 1174 2439; x_wconf 78' lang='lat' dir='ltr'><strong>corruptelam</strong></span> 
     </span>
     <span class='ocr_line' id='line_1_18' title="bbox 92 2441 1174 2514; baseline -0.005 -17"><span class='ocrx_word' id='word_1_127' title='bbox 92 2455 163 2511; x_wconf 80' lang='lat' dir='ltr'><strong>patet,</strong></span> <span class='ocrx_word' id='word_1_128' title='bbox 181 2456 265 2498; x_wconf 87' lang='lat' dir='ltr'><strong>ortam</strong></span> <span class='ocrx_word' id='word_1_129' title='bbox 284 2447 394 2499; x_wconf 80' lang='lat' dir='ltr'><strong>tortasse</strong></span> <span class='ocrx_word' id='word_1_130' title='bbox 412 2463 444 2498; x_wconf 79' lang='lat' dir='ltr'><strong>eu</strong></span> <span class='ocrx_word' id='word_1_131' title='bbox 464 2445 553 2514; x_wconf 88' lang='lat' dir='ltr'><strong>glossa</strong></span> <span class='ocrx_word' id='word_1_132' title='bbox 571 2450 597 2497; x_wconf 91' lang='lat' dir='ltr'><strong>in</strong></span> <span class='ocrx_word' id='word_1_133' title='bbox 618 2448 735 2512; x_wconf 85' lang='lat' dir='ltr'><strong>margine</strong></span> <span class='ocrx_word' id='word_1_134' title='bbox 756 2443 901 2512; x_wconf 82' lang='lat' dir='ltr'><strong>explicandi</strong></span> <span class='ocrx_word' id='word_1_135' title='bbox 915 2444 965 2497; x_wconf 89' lang='lat' dir='ltr'><strong>loci</strong></span> <span class='ocrx_word' id='word_1_136' title='bbox 984 2454 1062 2494; x_wconf 85' lang='lat' dir='ltr'><strong>causa</strong></span> <span class='ocrx_word' id='word_1_137' title='bbox 1079 2441 1174 2493; x_wconf 87' lang='lat' dir='ltr'><strong>addita.</strong></span> 
     </span>
     <span class='ocr_line' id='line_1_19' title="bbox 91 2513 1174 2587; baseline -0.006 -18"><span class='ocrx_word' id='word_1_138' title='bbox 91 2546 119 2557; x_wconf 92' lang='lat'><em>-</em></span> <span class='ocrx_word' id='word_1_139' title='bbox 144 2523 276 2587; x_wconf 75' lang='lat' dir='ltr'><strong>quaestor]</strong></span> <span class='ocrx_word' id='word_1_140' title='bbox 309 2519 406 2570; x_wconf 87' lang='lat' dir='ltr'><strong>Primus</strong></span> <span class='ocrx_word' id='word_1_141' title='bbox 424 2518 467 2568; x_wconf 88' lang='lat' dir='ltr'><strong>hic</strong></span> <span class='ocrx_word' id='word_1_142' title='bbox 486 2520 609 2568; x_wconf 89' lang='lat' dir='ltr'><strong>maiorum</strong></span> <span class='ocrx_word' id='word_1_143' title='bbox 632 2517 775 2577; x_wconf 61' lang='lat' dir='ltr'><strong>bonorum„</strong></span> <span class='ocrx_word' id='word_1_144' title='bbox 804 2517 929 2583; x_wconf 82' lang='lat' dir='ltr'><strong>adquem</strong></span> <span class='ocrx_word' id='word_1_145' title='bbox 949 2516 992 2583; x_wconf 89' lang='lat' dir='ltr'><strong>qui</strong></span> <span class='ocrx_word' id='word_1_146' title='bbox 1013 2513 1094 2565; x_wconf 89' lang='lat' dir='ltr'><strong>nobili</strong></span> <span class='ocrx_word' id='word_1_147' title='bbox 1114 2513 1174 2564; x_wconf 89' lang='lat' dir='ltr'><strong>loco</strong></span> 
     </span>
     <span class='ocr_line' id='line_1_20' title="bbox 92 2584 1175 2709; baseline -0.002 -72"><span class='ocrx_word' id='word_1_148' title='bbox 92 2596 171 2709; x_wconf 75' lang='lat' dir='ltr'><strong>essqnt</strong></span> <span class='ocrx_word' id='word_1_149' title='bbox 189 2590 244 2657; x_wconf 76' lang='lat' dir='ltr'><strong>nati</strong></span> <span class='ocrx_word' id='word_1_150' title='bbox 257 2588 368 2656; x_wconf 74' lang='lat' dir='ltr'><strong>¹plurimi</strong></span> <span class='ocrx_word' id='word_1_151' title='bbox 381 2598 562 2657; x_wconf 80' lang='lat' dir='ltr'><strong>pervenerunt.</strong></span> <span class='ocrx_word' id='word_1_152' title='bbox 591 2588 733 2652; x_wconf 81' lang='lat' dir='ltr'><strong>Quaestum</strong></span> <span class='ocrx_word' id='word_1_153' title='bbox 752 2588 831 2655; x_wconf 87' lang='lat' dir='ltr'><strong>igitur</strong></span> <span class='ocrx_word' id='word_1_154' title='bbox 850 2588 953 2654; x_wconf 87' lang='lat' dir='ltr'><strong>generis</strong></span> <span class='ocrx_word' id='word_1_155' title='bbox 971 2584 1092 2637; x_wconf 74' lang='lat' dir='ltr'><strong>nobilitas</strong></span> <span class='ocrx_word' id='word_1_156' title='bbox 1113 2586 1175 2637; x_wconf 85' lang='lat' dir='ltr'><strong>satio</strong></span> 
     </span>
     <span class='ocr_line' id='line_1_21' title="bbox 92 2662 237 2726; baseline 0.014 -18"><span class='ocrx_word' id='word_1_157' title='bbox 92 2662 237 2726; x_wconf 81' lang='lat' dir='ltr'><strong>expientur.</strong></span> 
     </span>
    </p>
   </div>
   <div class='ocr_carea' id='block_1_9' title="bbox 524 2780 737 2853">
    <p class='ocr_par' dir='ltr' id='par_1_9' title="bbox 524 2780 737 2853">
     <span class='ocr_line' id='line_1_22' title="bbox 524 2780 737 2853; baseline -0.009 -21"><span class='ocrx_word' id='word_1_158' title='bbox 524 2781 652 2853; x_wconf 79' lang='lat' dir='ltr'><strong>Satira</strong></span> <span class='ocrx_word' id='word_1_159' title='bbox 682 2780 737 2831; x_wconf 84' lang='lat' dir='ltr'><strong>vlt.</strong></span> 
     </span>
    </p>
   </div>
   <div class='ocr_carea' id='block_1_10' title="bbox 90 2880 1176 3803">
    <p class='ocr_par' dir='ltr' id='par_1_10' title="bbox 90 2880 1176 3803">
     <span class='ocr_line' id='line_1_23' title="bbox 154 2880 1173 2952; baseline -0.003 -16"><span class='ocrx_word' id='word_1_160' title='bbox 154 2885 251 2936; x_wconf 78' lang='lat' dir='ltr'><strong>Facete</strong></span> <span class='ocrx_word' id='word_1_161' title='bbox 271 2882 530 2939; x_wconf 78' lang='lat' dir='ltr'><strong>describitlioratins</strong></span> <span class='ocrx_word' id='word_1_162' title='bbox 552 2883 622 2935; x_wconf 87' lang='lat' dir='ltr'><strong>litem</strong></span> <span class='ocrx_word' id='word_1_163' title='bbox 648 2899 723 2952; x_wconf 82' lang='lat' dir='ltr'><strong>quem</strong></span> <span class='ocrx_word' id='word_1_164' title='bbox 746 2883 850 2934; x_wconf 88' lang='lat' dir='ltr'><strong>Persius</strong></span> <span class='ocrx_word' id='word_1_165' title='bbox 868 2881 971 2948; x_wconf 89' lang='lat' dir='ltr'><strong>quidam</strong></span> <span class='ocrx_word' id='word_1_166' title='bbox 993 2880 1173 2933; x_wconf 83' lang='lat' dir='ltr'><strong>Clazomenius</strong></span> 
     </span>
     <span class='ocr_line' id='line_1_24' title="bbox 94 2953 1175 3025; baseline 0 -21"><span class='ocrx_word' id='word_1_167' title='bbox 94 2953 116 3004; x_wconf 81' lang='grc'><strong>7.</strong></span> <span class='ocrx_word' id='word_1_168' title='bbox 133 2957 237 3025; x_wconf 79' lang='lat' dir='ltr'><strong>Rupilio</strong></span> <span class='ocrx_word' id='word_1_169' title='bbox 258 2956 324 3024; x_wconf 86' lang='lat' dir='ltr'><strong>Begi</strong></span> <span class='ocrx_word' id='word_1_170' title='bbox 345 2956 412 3025; x_wconf 86' lang='lat' dir='ltr'><strong>apud</strong></span> <span class='ocrx_word' id='word_1_171' title='bbox 432 2954 535 3006; x_wconf 85' lang='lat' dir='ltr'><strong>Brutum</strong></span> <span class='ocrx_word' id='word_1_172' title='bbox 556 2956 667 3007; x_wconf 43' lang='lat' dir='ltr'><strong>inxdsia</strong></span> <span class='ocrx_word' id='word_1_173' title='bbox 688 2956 821 3020; x_wconf 78' lang='lat' dir='ltr'><strong>isuper-ium</strong></span> <span class='ocrx_word' id='word_1_174' title='bbox 849 2961 979 3013; x_wconf 83' lang='lat' dir='ltr'><strong>tenentem</strong></span> <span class='ocrx_word' id='word_1_175' title='bbox 997 2953 1058 3003; x_wconf 90' lang='lat' dir='ltr'><strong>olim</strong></span> <span class='ocrx_word' id='word_1_176' title='bbox 1085 2953 1175 3004; x_wconf 87' lang='lat' dir='ltr'><strong>inten-</strong></span> 
     </span>
     <span class='ocr_line' id='line_1_25' title="bbox 93 3023 1174 3094; baseline 0 -19"><span class='ocrx_word' id='word_1_177' title='bbox 93 3025 164 3078; x_wconf 83' lang='lat' dir='ltr'><strong>derat</strong></span> <span class='ocrx_word' id='word_1_178' title='bbox 201 3028 252 3080; x_wconf 82' lang='lat' dir='ltr'><strong>Cui</strong></span> <span class='ocrx_word' id='word_1_179' title='bbox 271 3029 308 3078; x_wconf 90' lang='lat' dir='ltr'><strong>rei</strong></span> <span class='ocrx_word' id='word_1_180' title='bbox 327 3026 461 3094; x_wconf 86' lang='lat' dir='ltr'><strong>probabile</strong></span> <span class='ocrx_word' id='word_1_181' title='bbox 479 3035 519 3078; x_wconf 86' lang='lat' dir='ltr'><strong>est</strong></span> <span class='ocrx_word' id='word_1_182' title='bbox 536 3027 619 3093; x_wconf 86' lang='lat' dir='ltr'><strong>ipsum</strong></span> <span class='ocrx_word' id='word_1_183' title='bbox 641 3027 790 3076; x_wconf 76' lang='lat' dir='ltr'><strong>interfuisse</strong></span> <span class='ocrx_word' id='word_1_184' title='bbox 808 3024 948 3075; x_wconf 87' lang='lat' dir='ltr'><strong>llnratium.</strong></span> <span class='ocrx_word' id='word_1_185' title='bbox 978 3023 1174 3075; x_wconf 84' lang='lat' dir='ltr'><strong>Summeautem</strong></span> 
     </span>
     <span class='ocr_line' id='line_1_26' title="bbox 94 3094 1175 3163; baseline 0.001 -17"><span class='ocrx_word' id='word_1_186' title='bbox 94 3094 187 3163; x_wconf 90' lang='lat' dir='ltr'><strong>lepidae</strong></span> <span class='ocrx_word' id='word_1_187' title='bbox 204 3100 362 3150; x_wconf 74' lang='lat' dir='ltr'><strong>narrationis</strong></span> <span class='ocrx_word' id='word_1_188' title='bbox 381 3096 492 3148; x_wconf 82' lang='lat' dir='ltr'><strong>videnda</strong></span> <span class='ocrx_word' id='word_1_189' title='bbox 512 3106 552 3148; x_wconf 87' lang='lat' dir='ltr'><strong>est</strong></span> <span class='ocrx_word' id='word_1_190' title='bbox 570 3098 595 3147; x_wconf 93' lang='lat' dir='ltr'><strong>in</strong></span> <span class='ocrx_word' id='word_1_191' title='bbox 614 3096 707 3148; x_wconf 77' lang='lat' dir='ltr'><strong>lestiun</strong></span> <span class='ocrx_word' id='word_1_192' title='bbox 727 3097 826 3146; x_wconf 88' lang='lat' dir='ltr'><strong>ratione</strong></span> <span class='ocrx_word' id='word_1_193' title='bbox 845 3106 896 3163; x_wconf 86' lang='lat' dir='ltr'><strong>qua</strong></span> <span class='ocrx_word' id='word_1_194' title='bbox 914 3094 1010 3161; x_wconf 81' lang='lat' dir='ltr'><strong>Rupilii</strong></span> <span class='ocrx_word' id='word_1_195' title='bbox 1031 3110 1175 3162; x_wconf 82' lang='lat' dir='ltr'><strong>cognomen</strong></span> 
     </span>
     <span class='ocr_line' id='line_1_27' title="bbox 95 3165 1175 3234; baseline 0.001 -18"><span class='ocrx_word' id='word_1_196' title='bbox 95 3167 189 3221; x_wconf 82' lang='lat' dir='ltr'><strong>ludinrr.</strong></span> <span class='ocrx_word' id='word_1_197' title='bbox 229 3171 269 3219; x_wconf 80' lang='lat' dir='ltr'><strong>Ac</strong></span> <span class='ocrx_word' id='word_1_198' title='bbox 289 3170 345 3220; x_wconf 86' lang='lat' dir='ltr'><strong>veri</strong></span> <span class='ocrx_word' id='word_1_199' title='bbox 364 3168 448 3219; x_wconf 87' lang='lat' dir='ltr'><strong>simila</strong></span> <span class='ocrx_word' id='word_1_200' title='bbox 467 3175 523 3231; x_wconf 88' lang='lat' dir='ltr'><strong>est,</strong></span> <span class='ocrx_word' id='word_1_201' title='bbox 557 3170 662 3234; x_wconf 87' lang='lat' dir='ltr'><strong>primam</strong></span> <span class='ocrx_word' id='word_1_202' title='bbox 688 3168 754 3217; x_wconf 87' lang='lat' dir='ltr'><strong>banc</strong></span> <span class='ocrx_word' id='word_1_203' title='bbox 782 3182 840 3221; x_wconf 88' lang='lat' dir='ltr'><strong>esse</strong></span> <span class='ocrx_word' id='word_1_204' title='bbox 866 3168 932 3217; x_wconf 87' lang='lat' dir='ltr'><strong>iuter</strong></span> <span class='ocrx_word' id='word_1_205' title='bbox 957 3165 1054 3217; x_wconf 90' lang='lat' dir='ltr'><strong>lloratii</strong></span> <span class='ocrx_word' id='word_1_206' title='bbox 1075 3168 1175 3231; x_wconf 76' lang='lat' dir='ltr'><strong>satirqs,</strong></span> 
     </span>
     <span class='ocr_line' id='line_1_28' title="bbox 93 3237 1176 3309; baseline 0.002 -21"><span class='ocrx_word' id='word_1_207' title='bbox 93 3243 208 3309; x_wconf 75' lang='lat' dir='ltr'><strong>scriptam</strong></span> <span class='ocrx_word' id='word_1_208' title='bbox 230 3239 298 3291; x_wconf 88' lang='lat' dir='ltr'><strong>baud</strong></span> <span class='ocrx_word' id='word_1_209' title='bbox 317 3242 351 3291; x_wconf 90' lang='lat' dir='ltr'><strong>ita</strong></span> <span class='ocrx_word' id='word_1_210' title='bbox 369 3239 450 3291; x_wconf 86' lang='lat' dir='ltr'><strong>multo</strong></span> <span class='ocrx_word' id='word_1_211' title='bbox 470 3247 529 3306; x_wconf 87' lang='lat' dir='ltr'><strong>post</strong></span> <span class='ocrx_word' id='word_1_212' title='bbox 545 3255 621 3306; x_wconf 85' lang='lat' dir='ltr'><strong>quarn</strong></span> <span class='ocrx_word' id='word_1_213' title='bbox 640 3255 672 3290; x_wconf 85' lang='lat' dir='ltr'><strong>ex</strong></span> <span class='ocrx_word' id='word_1_214' title='bbox 699 3238 850 3297; x_wconf 79' lang='lat' dir='ltr'><strong>Macedonia</strong></span> <span class='ocrx_word' id='word_1_215' title='bbox 870 3240 896 3290; x_wconf 89' lang='lat' dir='ltr'><strong>in</strong></span> <span class='ocrx_word' id='word_1_216' title='bbox 915 3237 1013 3289; x_wconf 84' lang='lat' dir='ltr'><strong>ltaliam</strong></span> <span class='ocrx_word' id='word_1_217' title='bbox 1033 3247 1110 3305; x_wconf 88' lang='lat' dir='ltr'><strong>poeta</strong></span> <span class='ocrx_word' id='word_1_218' title='bbox 1131 3254 1176 3290; x_wconf 91' lang='lat' dir='ltr'><strong>re-</strong></span> 
     </span>
     <span class='ocr_line' id='line_1_29' title="bbox 92 3308 1174 3378; baseline 0.001 -19"><span class='ocrx_word' id='word_1_219' title='bbox 92 3314 179 3363; x_wconf 79' lang='lat' dir='ltr'><strong>uersus&#39;</strong></span> <span class='ocrx_word' id='word_1_220' title='bbox 193 3319 275 3363; x_wconf 82' lang='lat' dir='ltr'><strong>esset</strong></span> <span class='ocrx_word' id='word_1_221' title='bbox 311 3311 375 3362; x_wconf 85' lang='lat' dir='ltr'><strong>llam</strong></span> <span class='ocrx_word' id='word_1_222' title='bbox 393 3312 450 3378; x_wconf 90' lang='lat' dir='ltr'><strong>quis</strong></span> <span class='ocrx_word' id='word_1_223' title='bbox 470 3308 556 3362; x_wconf 84' lang='lat' dir='ltr'><strong>credat</strong></span> <span class='ocrx_word' id='word_1_224' title='bbox 567 3309 722 3361; x_wconf 83' lang='lat' dir='ltr'><strong>levissimum</strong></span> <span class='ocrx_word' id='word_1_225' title='bbox 740 3310 810 3361; x_wconf 90' lang='lat' dir='ltr'><strong>illam</strong></span> <span class='ocrx_word' id='word_1_226' title='bbox 826 3325 944 3361; x_wconf 83' lang='lat' dir='ltr'><strong>remsex</strong></span> <span class='ocrx_word' id='word_1_227' title='bbox 956 3317 1090 3377; x_wconf 84' lang='lat' dir='ltr'><strong>septemve</strong></span> <span class='ocrx_word' id='word_1_228' title='bbox 1100 3312 1174 3361; x_wconf 86' lang='lat' dir='ltr'><strong>aunis</strong></span> 
     </span>
     <span class='ocr_line' id='line_1_30' title="bbox 91 3380 1175 3449; baseline -0.003 -15"><span class='ocrx_word' id='word_1_229' title='bbox 91 3392 143 3446; x_wconf 83' lang='lat' dir='ltr'><strong>post</strong></span> <span class='ocrx_word' id='word_1_230' title='bbox 162 3385 197 3434; x_wconf 90' lang='lat' dir='ltr'><strong>ita</strong></span> <span class='ocrx_word' id='word_1_231' title='bbox 217 3380 377 3449; x_wconf 79' lang='lat' dir='ltr'><strong>divulgatam</strong></span> <span class='ocrx_word' id='word_1_232' title='bbox 396 3384 472 3433; x_wconf 87' lang='lat' dir='ltr'><strong>etiam</strong></span> <span class='ocrx_word' id='word_1_233' title='bbox 492 3381 581 3446; x_wconf 86' lang='lat' dir='ltr'><strong>inisse,</strong></span> <span class='ocrx_word' id='word_1_234' title='bbox 599 3389 627 3432; x_wconf 81' lang='lat' dir='ltr'><strong>ut</strong></span> <span class='ocrx_word' id='word_1_235' title='bbox 647 3391 708 3433; x_wconf 87' lang='lat' dir='ltr'><strong>nota</strong></span> <span class='ocrx_word' id='word_1_236' title='bbox 727 3381 846 3432; x_wconf 84' lang='lat' dir='ltr'><strong>omnibus</strong></span> <span class='ocrx_word' id='word_1_237' title='bbox 864 3389 890 3432; x_wconf 89' lang='lat' dir='ltr'><strong>et</strong></span> <span class='ocrx_word' id='word_1_238' title='bbox 902 3380 1175 3449; x_wconf 87' lang='lat' dir='ltr'><strong>lippisettonsoribus</strong></span> 
     </span>
     <span class='ocr_line' id='line_1_31' title="bbox 91 3451 1174 3521; baseline -0.001 -20"><span class='ocrx_word' id='word_1_239' title='bbox 91 3452 135 3505; x_wconf 88' lang='lat' dir='ltr'><strong>dici</strong></span> <span class='ocrx_word' id='word_1_240' title='bbox 149 3470 179 3506; x_wconf 91' lang='lat' dir='ltr'><strong>ea</strong></span> <span class='ocrx_word' id='word_1_241' title='bbox 197 3452 349 3521; x_wconf 82' lang='lat' dir='ltr'><strong>potuisset?</strong></span> <span class='ocrx_word' id='word_1_242' title='bbox 385 3451 484 3505; x_wconf 86' lang='lat' dir='ltr'><strong>Deinde</strong></span> <span class='ocrx_word' id='word_1_243' title='bbox 503 3452 669 3505; x_wconf 84' lang='lat' dir='ltr'><strong>vehementer</strong></span> <span class='ocrx_word' id='word_1_244' title='bbox 687 3452 829 3515; x_wconf 85' lang='lat' dir='ltr'><strong>cavendum</strong></span> <span class='ocrx_word' id='word_1_245' title='bbox 848 3461 897 3516; x_wconf 88' lang='lat' dir='ltr'><strong>est,</strong></span> <span class='ocrx_word' id='word_1_246' title='bbox 914 3468 948 3502; x_wconf 88' lang='lat' dir='ltr'><strong>ne</strong></span> <span class='ocrx_word' id='word_1_247' title='bbox 966 3454 1023 3519; x_wconf 92' lang='lat' dir='ltr'><strong>quis</strong></span> <span class='ocrx_word' id='word_1_248' title='bbox 1043 3451 1112 3502; x_wconf 86' lang='lat' dir='ltr'><strong>Bruti</strong></span> <span class='ocrx_word' id='word_1_249' title='bbox 1133 3451 1174 3501; x_wconf 90' lang='lat' dir='ltr'><strong>le-</strong></span> 
     </span>
     <span class='ocr_line' id='line_1_32' title="bbox 92 3522 1172 3593; baseline 0.002 -23"><span class='ocrx_word' id='word_1_250' title='bbox 92 3537 142 3575; x_wconf 78' lang='lat' dir='ltr'><strong>vem</strong></span> <span class='ocrx_word' id='word_1_251' title='bbox 162 3525 278 3593; x_wconf 91' lang='lat' dir='ltr'><strong>aliquem</strong></span> <span class='ocrx_word' id='word_1_252' title='bbox 298 3532 470 3591; x_wconf 80' lang='lat' dir='ltr'><strong>contemptum</strong></span> <span class='ocrx_word' id='word_1_253' title='bbox 495 3524 522 3573; x_wconf 92' lang='lat' dir='ltr'><strong>in</strong></span> <span class='ocrx_word' id='word_1_254' title='bbox 550 3524 628 3573; x_wconf 89' lang='lat' dir='ltr'><strong>satira</strong></span> <span class='ocrx_word' id='word_1_255' title='bbox 651 3525 737 3572; x_wconf 88' lang='lat' dir='ltr'><strong>inesse</strong></span> <span class='ocrx_word' id='word_1_256' title='bbox 764 3530 838 3588; x_wconf 90' lang='lat' dir='ltr'><strong>putet</strong></span> <span class='ocrx_word' id='word_1_257' title='bbox 861 3522 973 3589; x_wconf 85' lang='lat' dir='ltr'><strong>indeque</strong></span> <span class='ocrx_word' id='word_1_258' title='bbox 1003 3523 1172 3589; x_wconf 89' lang='lat' dir='ltr'><strong>posteriorem</strong></span> 
     </span>
     <span class='ocr_line' id='line_1_33' title="bbox 90 3588 1173 3664; baseline -0.004 -20"><span class='ocrx_word' id='word_1_259' title='bbox 90 3608 176 3647; x_wconf 82' lang='lat' dir='ltr'><strong>annum</strong></span> <span class='ocrx_word' id='word_1_260' title='bbox 194 3597 272 3664; x_wconf 86' lang='lat' dir='ltr'><strong>quasi</strong></span> <span class='ocrx_word' id='word_1_261' title='bbox 293 3595 405 3646; x_wconf 87' lang='lat' dir='ltr'><strong>natalem</strong></span> <span class='ocrx_word' id='word_1_262' title='bbox 424 3588 487 3646; x_wconf 82' lang='lat' dir='ltr'><strong>velit</strong></span> <span class='ocrx_word' id='word_1_263' title='bbox 507 3593 621 3644; x_wconf 78' lang='lat' dir='ltr'><strong>efficere.</strong></span> <span class='ocrx_word' id='word_1_264' title='bbox 659 3593 763 3643; x_wconf 84' lang='lat' dir='ltr'><strong>lloratio</strong></span> <span class='ocrx_word' id='word_1_265' title='bbox 782 3593 852 3643; x_wconf 84' lang='lat' dir='ltr'><strong>Bruti</strong></span> <span class='ocrx_word' id='word_1_266' title='bbox 872 3592 994 3642; x_wconf 83' lang='lat' dir='ltr'><strong>memoria</strong></span> <span class='ocrx_word' id='word_1_267' title='bbox 1015 3607 1173 3659; x_wconf 82' lang='lat' dir='ltr'><strong>semperse-</strong></span> 
     </span>
     <span class='ocr_line' id='line_1_34' title="bbox 90 3662 1171 3731; baseline -0.004 -16"><span class='ocrx_word' id='word_1_268' title='bbox 90 3680 128 3715; x_wconf 83' lang='lat' dir='ltr'><strong>era</strong></span> <span class='ocrx_word' id='word_1_269' title='bbox 147 3668 216 3731; x_wconf 86' lang='lat' dir='ltr'><strong>init,</strong></span> <span class='ocrx_word' id='word_1_270' title='bbox 242 3667 318 3717; x_wconf 88' lang='lat' dir='ltr'><strong>etiam</strong></span> <span class='ocrx_word' id='word_1_271' title='bbox 336 3682 393 3717; x_wconf 89' lang='lat' dir='ltr'><strong>oum</strong></span> <span class='ocrx_word' id='word_1_272' title='bbox 412 3666 514 3716; x_wconf 90' lang='lat' dir='ltr'><strong>omnino</strong></span> <span class='ocrx_word' id='word_1_273' title='bbox 533 3664 635 3715; x_wconf 87' lang='lat' dir='ltr'><strong>deditus</strong></span> <span class='ocrx_word' id='word_1_274' title='bbox 656 3671 725 3713; x_wconf 89' lang='lat' dir='ltr'><strong>esset</strong></span> <span class='ocrx_word' id='word_1_275' title='bbox 743 3662 886 3713; x_wconf 82' lang='lat' dir='ltr'><strong>Maecenati</strong></span> <span class='ocrx_word' id='word_1_276' title='bbox 905 3662 1092 3729; x_wconf 80' lang='lat' dir='ltr'><strong>Octaviamque</strong></span> <span class='ocrx_word' id='word_1_277' title='bbox 1110 3677 1171 3728; x_wconf 88' lang='lat' dir='ltr'><strong>par-</strong></span> 
     </span>
     <span class='ocr_line' id='line_1_35' title="bbox 91 3732 1173 3803; baseline -0.001 -19"><span class='ocrx_word' id='word_1_278' title='bbox 91 3736 160 3788; x_wconf 86' lang='lat' dir='ltr'><strong>tibus.</strong></span> <span class='ocrx_word' id='word_1_279' title='bbox 206 3735 242 3787; x_wconf 88' lang='lat' dir='ltr'><strong>cl.</strong></span> <span class='ocrx_word' id='word_1_280' title='bbox 264 3736 347 3788; x_wconf 84' lang='lat' dir='ltr'><strong>Germ.</strong></span> <span class='ocrx_word' id='word_1_281' title='bbox 368 3736 401 3798; x_wconf 87' lang='lat' dir='ltr'><strong>lt,</strong></span> <span class='ocrx_word' id='word_1_282' title='bbox 423 3737 447 3787; x_wconf 92' lang='grc'><strong>7.</strong></span> <span class='ocrx_word' id='word_1_283' title='bbox 483 3735 557 3802; x_wconf 87' lang='lat' dir='ltr'><strong>Epist</strong></span> <span class='ocrx_word' id='word_1_284' title='bbox 583 3734 604 3797; x_wconf 88' lang='lat'><strong>1,</strong></span> <span class='ocrx_word' id='word_1_285' title='bbox 622 3735 665 3795; x_wconf 77' lang='lat'><strong>20,</strong></span> <span class='ocrx_word' id='word_1_286' title='bbox 683 3734 725 3785; x_wconf 76' lang='lat'><strong>23.</strong></span> <span class='ocrx_word' id='word_1_287' title='bbox 766 3732 850 3799; x_wconf 87' lang='lat' dir='ltr'><strong>Turpe</strong></span> <span class='ocrx_word' id='word_1_288' title='bbox 869 3748 932 3784; x_wconf 86' lang='lat' dir='ltr'><strong>sune</strong></span> <span class='ocrx_word' id='word_1_289' title='bbox 953 3734 1052 3783; x_wconf 84' lang='lat' dir='ltr'><strong>lacinus</strong></span> <span class='ocrx_word' id='word_1_290' title='bbox 1072 3734 1173 3803; x_wconf 75' lang='lat' dir='ltr'><strong>luisset,</strong></span> 
     </span>
    </p>
   </div>
   <div class='ocr_carea' id='block_1_11' title="bbox 90 3805 1283 3874">
    <p class='ocr_par' dir='ltr' id='par_1_11' title="bbox 90 3805 1283 3874">
     <span class='ocr_line' id='line_1_36' title="bbox 90 3805 1283 3874; baseline -0.001 -19"><span class='ocrx_word' id='word_1_291' title='bbox 90 3809 110 3857; x_wconf 88' lang='lat' dir='ltr'><strong>si</strong></span> <span class='ocrx_word' id='word_1_292' title='bbox 130 3809 249 3860; x_wconf 78' lang='lat' dir='ltr'><strong>llomtius</strong></span> <span class='ocrx_word' id='word_1_293' title='bbox 270 3824 293 3858; x_wconf 92' lang='lat' dir='ltr'><strong>a.</strong></span> <span class='ocrx_word' id='word_1_294' title='bbox 311 3807 379 3870; x_wconf 86' lang='lat'><strong>718,</strong></span> <span class='ocrx_word' id='word_1_295' title='bbox 398 3822 449 3874; x_wconf 90' lang='lat' dir='ltr'><strong>quo</strong></span> <span class='ocrx_word' id='word_1_296' title='bbox 468 3806 511 3857; x_wconf 91' lang='lat' dir='ltr'><strong>alii</strong></span> <span class='ocrx_word' id='word_1_297' title='bbox 531 3814 620 3873; x_wconf 90' lang='lat' dir='ltr'><strong>putant</strong></span> <span class='ocrx_word' id='word_1_298' title='bbox 637 3806 757 3871; x_wconf 77' lang='lat' dir='ltr'><strong>scriptam</strong></span> <span class='ocrx_word' id='word_1_299' title='bbox 777 3806 898 3867; x_wconf 81' lang='lat' dir='ltr'><strong>seticum,</strong></span> <span class='ocrx_word' id='word_1_300' title='bbox 918 3805 1007 3870; x_wconf 90' lang='lat' dir='ltr'><strong>quinto</strong></span> <span class='ocrx_word' id='word_1_301' title='bbox 1027 3818 1095 3853; x_wconf 87' lang='lat' dir='ltr'><strong>anno</strong></span> <span class='ocrx_word' id='word_1_302' title='bbox 1115 3812 1174 3870; x_wconf 93' lang='lat' dir='ltr'><strong>post</strong></span> <span class='ocrx_word' id='word_1_303' title='bbox 1277 3864 1283 3873; x_wconf 27' lang='lat'>⁵</span> 
     </span>
    </p>
   </div>
   <div class='ocr_carea' id='block_1_12' title="bbox 91 3875 1202 4377">
    <p class='ocr_par' dir='ltr' id='par_1_12' title="bbox 91 3875 1202 4377">
     <span class='ocr_line' id='line_1_37' title="bbox 92 3875 1173 3945; baseline -0.003 -18"><span class='ocrx_word' id='word_1_304' title='bbox 92 3879 195 3931; x_wconf 87' lang='lat' dir='ltr'><strong>reditum</strong></span> <span class='ocrx_word' id='word_1_305' title='bbox 216 3880 241 3929; x_wconf 88' lang='lat' dir='ltr'><strong>in</strong></span> <span class='ocrx_word' id='word_1_306' title='bbox 260 3878 376 3942; x_wconf 86' lang='lat' dir='ltr'><strong>ltaliam,</strong></span> <span class='ocrx_word' id='word_1_307' title='bbox 396 3877 500 3929; x_wconf 87' lang='lat' dir='ltr'><strong>Brutum</strong></span> <span class='ocrx_word' id='word_1_308' title='bbox 519 3877 624 3945; x_wconf 81' lang='lat' dir='ltr'><strong>oblique</strong></span> <span class='ocrx_word' id='word_1_309' title='bbox 643 3885 749 3943; x_wconf 73' lang='lat' dir='ltr'><strong>tetigere</strong></span> <span class='ocrx_word' id='word_1_310' title='bbox 767 3890 846 3925; x_wconf 84' lang='lat' dir='ltr'><strong>ausus</strong></span> <span class='ocrx_word' id='word_1_311' title='bbox 867 3883 957 3937; x_wconf 87' lang='lat' dir='ltr'><strong>esset,</strong></span> <span class='ocrx_word' id='word_1_312' title='bbox 980 3876 1078 3941; x_wconf 89' lang='lat' dir='ltr'><strong>turpius</strong></span> <span class='ocrx_word' id='word_1_313' title='bbox 1098 3875 1173 3925; x_wconf 87' lang='lat' dir='ltr'><strong>etiam</strong></span> 
     </span>
     <span class='ocr_line' id='line_1_38' title="bbox 92 3945 1173 4015; baseline -0.002 -16"><span class='ocrx_word' id='word_1_314' title='bbox 92 3953 201 4015; x_wconf 85' lang='lat' dir='ltr'><strong>quamsi</strong></span> <span class='ocrx_word' id='word_1_315' title='bbox 225 3949 292 4001; x_wconf 87' lang='lat' dir='ltr'><strong>idem</strong></span> <span class='ocrx_word' id='word_1_316' title='bbox 313 3950 419 4001; x_wconf 78' lang='lat' dir='ltr'><strong>lecisset</strong></span> <span class='ocrx_word' id='word_1_317' title='bbox 438 3965 505 3999; x_wconf 80' lang='lat' dir='ltr'><strong>anno</strong></span> <span class='ocrx_word' id='word_1_318' title='bbox 524 3950 572 3998; x_wconf 86' lang='lat' dir='ltr'><strong>iam</strong></span> <span class='ocrx_word' id='word_1_319' title='bbox 593 3947 651 4000; x_wconf 82' lang='lat'>713.</span> <span class='ocrx_word' id='word_1_320' title='bbox 703 3946 741 3998; x_wconf 84' lang='lat' dir='ltr'><strong>lle</strong></span> <span class='ocrx_word' id='word_1_321' title='bbox 764 3947 791 3999; x_wconf 83' lang='lat' dir='ltr'><strong>iu</strong></span> <span class='ocrx_word' id='word_1_322' title='bbox 812 3946 941 4013; x_wconf 78' lang='lat' dir='ltr'><strong>tricesimo</strong></span> <span class='ocrx_word' id='word_1_323' title='bbox 962 3954 1052 4012; x_wconf 81' lang='lat' dir='ltr'><strong>quarto</strong></span> <span class='ocrx_word' id='word_1_324' title='bbox 1070 3945 1173 4013; x_wconf 83' lang='lat' dir='ltr'><strong>quidem</strong></span> 
     </span>
     <span class='ocr_line' id='line_1_39' title="bbox 92 4015 1173 4089; baseline -0.003 -19"><span class='ocrx_word' id='word_1_325' title='bbox 92 4035 163 4071; x_wconf 79' lang='lat' dir='ltr'><strong>versu</strong></span> <span class='ocrx_word' id='word_1_326' title='bbox 183 4020 324 4089; x_wconf 85' lang='lat' dir='ltr'><strong>quidquam</strong></span> <span class='ocrx_word' id='word_1_327' title='bbox 347 4022 414 4071; x_wconf 85' lang='lat' dir='ltr'><strong>inest</strong></span> <span class='ocrx_word' id='word_1_328' title='bbox 432 4019 538 4087; x_wconf 76' lang='lat' dir='ltr'><strong>maligni</strong></span> <span class='ocrx_word' id='word_1_329' title='bbox 558 4027 602 4069; x_wconf 85' lang='lat' dir='ltr'><strong>aut</strong></span> <span class='ocrx_word' id='word_1_330' title='bbox 617 4017 798 4075; x_wconf 87' lang='lat' dir='ltr'><strong>contumeliosi</strong></span> <span class='ocrx_word' id='word_1_331' title='bbox 824 4018 850 4067; x_wconf 91' lang='lat' dir='ltr'><strong>in</strong></span> <span class='ocrx_word' id='word_1_332' title='bbox 871 4015 974 4066; x_wconf 89' lang='lat' dir='ltr'><strong>Brutum</strong></span> <span class='ocrx_word' id='word_1_333' title='bbox 1001 4024 1045 4066; x_wconf 81' lang='lat' dir='ltr'><strong>eut</strong></span> <span class='ocrx_word' id='word_1_334' title='bbox 1068 4015 1173 4067; x_wconf 86' lang='lat' dir='ltr'><strong>eaedem</strong></span> 
     </span>
     <span class='ocr_line' id='line_1_40' title="bbox 92 4085 1202 4159; baseline -0.003 -18"><span class='ocrx_word' id='word_1_335' title='bbox 92 4089 224 4153; x_wconf 81' lang='lat' dir='ltr'><strong>Caesaris;</strong></span> <span class='ocrx_word' id='word_1_336' title='bbox 250 4092 296 4143; x_wconf 85' lang='lat' dir='ltr'><strong>scd</strong></span> <span class='ocrx_word' id='word_1_337' title='bbox 322 4091 391 4142; x_wconf 88' lang='lat' dir='ltr'><strong>salse</strong></span> <span class='ocrx_word' id='word_1_338' title='bbox 421 4090 488 4141; x_wconf 86' lang='lat' dir='ltr'><strong>dicta</strong></span> <span class='ocrx_word' id='word_1_339' title='bbox 507 4105 537 4140; x_wconf 85' lang='lat' dir='ltr'><strong>en</strong></span> <span class='ocrx_word' id='word_1_340' title='bbox 555 4097 615 4141; x_wconf 89' lang='lat' dir='ltr'><strong>sunt</strong></span> <span class='ocrx_word' id='word_1_341' title='bbox 636 4090 661 4140; x_wconf 89' lang='lat' dir='ltr'><strong>io</strong></span> <span class='ocrx_word' id='word_1_342' title='bbox 690 4089 788 4159; x_wconf 84' lang='lat' dir='ltr'><strong>Regem</strong></span> <span class='ocrx_word' id='word_1_343' title='bbox 807 4085 954 4153; x_wconf 85' lang='lat' dir='ltr'><strong>Rupilium,</strong></span> <span class='ocrx_word' id='word_1_344' title='bbox 984 4086 1075 4154; x_wconf 88' lang='lat' dir='ltr'><strong>quibua</strong></span> <span class='ocrx_word' id='word_1_345' title='bbox 1097 4089 1173 4138; x_wconf 89' lang='lat' dir='ltr'><strong>etiam</strong></span> <span class='ocrx_word' id='word_1_346' title='bbox 1198 4140 1202 4149; x_wconf 66' lang='grc'><strong><em>,</em></strong></span> 
     </span>
     <span class='ocr_line' id='line_1_41' title="bbox 92 4158 1173 4230; baseline -0.005 -18"><span class='ocrx_word' id='word_1_347' title='bbox 92 4163 295 4230; x_wconf 83' lang='lat' dir='ltr'><strong>simplicissimus</strong></span> <span class='ocrx_word' id='word_1_348' title='bbox 315 4164 446 4230; x_wconf 88' lang='lat' dir='ltr'><strong>Brutoque</strong></span> <span class='ocrx_word' id='word_1_349' title='bbox 464 4161 636 4212; x_wconf 85' lang='lat' dir='ltr'><strong>deditissimus</strong></span> <span class='ocrx_word' id='word_1_350' title='bbox 656 4163 765 4228; x_wconf 89' lang='lat' dir='ltr'><strong>quisque</strong></span> <span class='ocrx_word' id='word_1_351' title='bbox 784 4159 827 4209; x_wconf 87' lang='lat' dir='ltr'><strong>vel</strong></span> <span class='ocrx_word' id='word_1_352' title='bbox 847 4165 984 4224; x_wconf 81' lang='lat' dir='ltr'><strong>praesente</strong></span> <span class='ocrx_word' id='word_1_353' title='bbox 1000 4158 1076 4209; x_wconf 91' lang='lat' dir='ltr'><strong>Bruto</strong></span> <span class='ocrx_word' id='word_1_354' title='bbox 1096 4158 1173 4208; x_wconf 91' lang='lat' dir='ltr'><strong>inno-</strong></span> 
     </span>
     <span class='ocr_line' id='line_1_42' title="bbox 92 4230 1173 4299; baseline -0.004 -17"><span class='ocrx_word' id='word_1_355' title='bbox 92 4244 178 4286; x_wconf 85' lang='lat' dir='ltr'><strong>center</strong></span> <span class='ocrx_word' id='word_1_356' title='bbox 199 4236 236 4286; x_wconf 92' lang='lat' dir='ltr'><strong>uti</strong></span> <span class='ocrx_word' id='word_1_357' title='bbox 255 4235 348 4299; x_wconf 87' lang='lat' dir='ltr'><strong>potuit.</strong></span> <span class='ocrx_word' id='word_1_358' title='bbox 384 4235 504 4284; x_wconf 78' lang='lat' dir='ltr'><strong>Attamen</strong></span> <span class='ocrx_word' id='word_1_359' title='bbox 523 4247 573 4282; x_wconf 90' lang='lat' dir='ltr'><strong>non</strong></span> <span class='ocrx_word' id='word_1_360' title='bbox 594 4241 664 4282; x_wconf 89' lang='lat' dir='ltr'><strong>recte</strong></span> <span class='ocrx_word' id='word_1_361' title='bbox 682 4231 801 4281; x_wconf 86' lang='lat' dir='ltr'><strong>videntur</strong></span> <span class='ocrx_word' id='word_1_362' title='bbox 819 4230 946 4291; x_wconf 83' lang='lat' dir='ltr'><strong>iudicasse</strong></span> <span class='ocrx_word' id='word_1_363' title='bbox 965 4230 1084 4297; x_wconf 88' lang='lat' dir='ltr'><strong>quiiuter</strong></span> <span class='ocrx_word' id='word_1_364' title='bbox 1096 4244 1173 4294; x_wconf 90' lang='lat' dir='ltr'><strong>prae·</strong></span> 
     </span>
     <span class='ocr_line' id='line_1_43' title="bbox 91 4299 960 4377; baseline -0.001 -24"><span class='ocrx_word' id='word_1_365' title='bbox 91 4308 259 4357; x_wconf 82' lang='lat' dir='ltr'><strong>stautissimas</strong></span> <span class='ocrx_word' id='word_1_366' title='bbox 279 4306 372 4356; x_wconf 83' lang='lat' dir='ltr'><strong>satiras</strong></span> <span class='ocrx_word' id='word_1_367' title='bbox 390 4302 580 4377; x_wconf 77' lang='lat' dir='ltr'><strong>huncquoque</strong></span> <span class='ocrx_word' id='word_1_368' title='bbox 597 4301 739 4353; x_wconf 85' lang='lat' dir='ltr'><strong>babendum</strong></span> <span class='ocrx_word' id='word_1_369' title='bbox 760 4299 960 4354; x_wconf 82' lang='lat' dir='ltr'><strong>arbitrati-sunt.</strong></span> 
     </span>
    </p>
   </div>
   <div class='ocr_carea' id='block_1_13' title="bbox 92 4403 1172 4616">
    <p class='ocr_par' dir='ltr' id='par_1_13' title="bbox 92 4403 1172 4616">
     <span class='ocr_line' id='line_1_44' title="bbox 153 4403 1171 4477; baseline -0.01 -16"><span class='ocrx_word' id='word_1_370' title='bbox 153 4411 184 4461; x_wconf 79' lang='lat' dir='ltr'><strong>V.</strong></span> <span class='ocrx_word' id='word_1_371' title='bbox 206 4413 230 4461; x_wconf 89' lang='lat' dir='ltr'><strong>l.</strong></span> <span class='ocrx_word' id='word_1_372' title='bbox 250 4410 330 4477; x_wconf 73' lang='lat' dir='ltr'><strong>Bepis</strong></span> <span class='ocrx_word' id='word_1_373' title='bbox 349 4406 451 4476; x_wconf 64' lang='lat' dir='ltr'><strong>repet]</strong></span> <span class='ocrx_word' id='word_1_374' title='bbox 469 4407 497 4459; x_wconf 85' lang='lat' dir='ltr'><strong>P.</strong></span> <span class='ocrx_word' id='word_1_375' title='bbox 519 4407 637 4474; x_wconf 82' lang='lat' dir='ltr'><strong>Rupilius</strong></span> <span class='ocrx_word' id='word_1_376' title='bbox 655 4406 710 4457; x_wconf 81' lang='lat' dir='ltr'><strong>liex</strong></span> <span class='ocrx_word' id='word_1_377' title='bbox 727 4406 925 4468; x_wconf 86' lang='lat' dir='ltr'><strong>Praenestinus,</strong></span> <span class='ocrx_word' id='word_1_378' title='bbox 945 4419 1025 4473; x_wconf 87' lang='lat' dir='ltr'><strong>eques</strong></span> <span class='ocrx_word' id='word_1_379' title='bbox 1042 4403 1171 4453; x_wconf 83' lang='lat' dir='ltr'><strong>Romanus</strong></span> 
     </span>
     <span class='ocr_line' id='line_1_45' title="bbox 92 4474 1172 4547; baseline -0.003 -20"><span class='ocrx_word' id='word_1_380' title='bbox 92 4493 113 4527; x_wconf 82' lang='lat' dir='ltr'><strong>a.</strong></span> <span class='ocrx_word' id='word_1_381' title='bbox 132 4479 184 4531; x_wconf 74' lang='lat'><strong>702</strong></span> <span class='ocrx_word' id='word_1_382' title='bbox 206 4482 331 4547; x_wconf 84' lang='lat' dir='ltr'><strong>magister</strong></span> <span class='ocrx_word' id='word_1_383' title='bbox 349 4478 543 4545; x_wconf 86' lang='lat' dir='ltr'><strong>publicanorum</strong></span> <span class='ocrx_word' id='word_1_384' title='bbox 565 4480 590 4529; x_wconf 90' lang='lat' dir='ltr'><strong>in</strong></span> <span class='ocrx_word' id='word_1_385' title='bbox 600 4478 719 4543; x_wconf 76' lang='lat' dir='ltr'><strong>Bithynia</strong></span> <span class='ocrx_word' id='word_1_386' title='bbox 740 4478 840 4540; x_wconf 81' lang='lat' dir='ltr'><strong>luerat3</strong></span> <span class='ocrx_word' id='word_1_387' title='bbox 857 4476 951 4527; x_wconf 85' lang='lat' dir='ltr'><strong>deinde</strong></span> <span class='ocrx_word' id='word_1_388' title='bbox 971 4480 995 4527; x_wconf 79' lang='lat' dir='ltr'><strong>a.</strong></span> <span class='ocrx_word' id='word_1_389' title='bbox 1007 4476 1056 4528; x_wconf 87' lang='grc'><strong>711</strong></span> <span class='ocrx_word' id='word_1_390' title='bbox 1076 4474 1172 4525; x_wconf 85' lang='lat' dir='ltr'><strong>Romae</strong></span> 
     </span>
     <span class='ocr_line' id='line_1_46' title="bbox 92 4545 1172 4616; baseline -0.006 -15"><span class='ocrx_word' id='word_1_391' title='bbox 92 4560 194 4616; x_wconf 82' lang='lat' dir='ltr'><strong>praetor</strong></span> <span class='ocrx_word' id='word_1_392' title='bbox 213 4551 297 4603; x_wconf 82' lang='lat' dir='ltr'><strong>iactus</strong></span> <span class='ocrx_word' id='word_1_393' title='bbox 316 4550 363 4602; x_wconf 88' lang='lat' dir='ltr'><strong>sed</strong></span> <span class='ocrx_word' id='word_1_394' title='bbox 377 4550 518 4603; x_wconf 82' lang='lat' dir='ltr'><strong>Octauiano</strong></span> <span class='ocrx_word' id='word_1_395' title='bbox 538 4557 645 4600; x_wconf 87' lang='lat' dir='ltr'><strong>auctore</strong></span> <span class='ocrx_word' id='word_1_396' title='bbox 664 4550 822 4616; x_wconf 83' lang='lat' dir='ltr'><strong>proscriptus</strong></span> <span class='ocrx_word' id='word_1_397' title='bbox 841 4548 872 4598; x_wconf 91' lang='lat' dir='ltr'><strong>ad</strong></span> <span class='ocrx_word' id='word_1_398' title='bbox 888 4547 993 4599; x_wconf 89' lang='lat' dir='ltr'><strong>Brutum</strong></span> <span class='ocrx_word' id='word_1_399' title='bbox 1011 4545 1126 4613; x_wconf 87' lang='lat' dir='ltr'><strong>coolugit</strong></span> <span class='ocrx_word' id='word_1_400' title='bbox 1146 4546 1172 4595; x_wconf 88' lang='lat' dir='ltr'><strong>in</strong></span> 
     </span>
    </p>
   </div>
   <div class='ocr_carea' id='block_1_14' title="bbox 0 0 1564 5042">
    <p class='ocr_par' dir='ltr' id='par_1_14' title="bbox 0 0 1564 5042">
     <span class='ocr_line' id='line_1_47' title="bbox 0 0 1564 5042; baseline 0 0"><span class='ocrx_word' id='word_1_401' title='bbox 0 0 1564 5042; x_wconf 95' lang='lat' dir='ltr'><strong> </strong></span> 
     </span>
    </p>
   </div>
  </div>
 </body>
</html>
