3117 5042
435 420 602 487 utana.
646 420 798 489 ttAttnt.
823 425 858 487 ll.

254 619 282 662 ao
385 600 514 665 Domum
534 607 627 685 atque
648 602 754 667 dulces
775 603 906 684 tuem,

301 708 422 773 Sabina
444 711 547 791 qualis
565 717 620 774 aut
643 718 768 791 perusta
790 711 909 776 solibrm

385 817 521 881 Pernicis
540 836 623 881 uxor
644 818 757 898 Apuli,

301 927 434 989 Sacrum
452 926 581 988 vetustis
602 933 744 989 exstruat
763 926 861 1007 liguis
882 928 982 992 lnam

388 1033 475 1095 tussi
496 1033 552 1095 sub
573 1034 739 1096 adveutum
762 1034 844 1112 viri,

252 1160 280 1203 rs
301 1141 516 1223 claudensque
536 1142 630 1203 textis
650 1142 790 1206 cratibus
811 1142 925 1207 laetum
947 1163 1040 1225 perus

355 1249 361 1260 ⁴
389 1247 530 1312 Disteuta
551 1248 645 1313 siccet
667 1250 780 1327 ubera,

304 1358 344 1420 lit
363 1358 463 1420 borna
482 1358 565 1420 dulei
587 1358 660 1421 vina
682 1377 827 1440 promens
850 1359 935 1422 dolio

388 1466 490 1547 llapes
512 1465 664 1546 inemptas
689 1475 841 1547 apparet:

307 1575 377 1636 Nou
397 1592 446 1637 mc
466 1575 601 1655 lucrium
621 1575 755 1638 iuverint
773 1575 936 1653 conchylia

256 1700 284 1740 sn
385 1682 694 1765 blagisve-rbombus
719 1690 772 1746 aut
793 1685 894 1758 scari,

308 1790 345 1855 si
365 1810 441 1873 quos
463 1792 538 1855 blois
562 1793 705 1855 intonata
725 1790 869 1855 ductibus

270 1898 273 1902 ’
392 1902 495 1963 lliems
516 1901 554 1964 ad
577 1900 636 1964 boc
657 1910 760 1967 vertat
782 1919 886 1975 mcre3
1071 1966 1075 1973 ,

304 2008 379 2070 Nou
402 2009 480 2073 Afra
502 2010 571 2073 avis
590 2010 756 2074 descendat
775 2011 810 2073 iu
831 2016 968 2075 ventrem
989 2028 1106 2091 mcum,

379 2114 465 2179 'Nou
487 2125 616 2199 attagen
638 2117 758 2181 lonicus

259 2242 288 2284 ss
309 2225 474 2287 lueuudior
495 2244 584 2307 quam
606 2226 688 2290 lecta
709 2226 748 2288 de
769 2225 978 2309 pinguissimis

396 2332 488 2396 Oliva
510 2335 606 2396 ramis
630 2335 775 2398 arborum

313 2439 376 2502 Aut
399 2440 494 2503 barba
514 2442 634 2529 lapatbi
654 2426 747 2523 prata
768 2441 901 2505 amentis
920 2448 953 2504 et
974 2440 1066 2523 gravi

401 2550 526 2612 blalvue
548 2550 690 2612 salubres
710 2550 832 2631 corpori

314 2657 373 2718 Vel
397 2676 481 2735 agna
507 2660 598 2719 iestis
613 2677 709 2733 caesa
727 2659 978 2735 Terminalibus,

261 2779 292 2824 an
398 2766 454 2827 Vel
476 2765 593 2828 bandus
614 2774 738 2847 ereptus
761 2769 845 2847 lupo.

316 2871 379 2934 llas
401 2872 483 2935 inter
505 2875 612 2954 epulas
633 2881 666 2936 ut
687 2876 773 2936 iuvat
795 2881 902 2954 pastas
926 2890 1001 2933 oves
1035 2852 1037 2857 ⁵

395 2981 507 3043 Videre
530 2972 734 3062 properantes
755 2982 894 3058 domum,

317 3089 430 3151 Videre
446 3092 545 3152 lessus
570 3106 722 3151 vomerem
744 3089 901 3150 inversum
925 3087 1020 3149 bovas

401 3197 491 3261 Collo
512 3198 671 3267 trahentes
691 3196 840 3279 languido
915 3204 918 3209 '

265 3320 297 3368 os
318 3305 500 3388 Positnsque
522 3324 654 3385 vernas,
675 3306 747 3368 ditis
770 3324 899 3369 examen
920 3304 1044 3381 domus,

128 3561 154 3573 -·
183 3537 293 3609 Sabina]
319 3537 379 3589 vide
402 3538 433 3589 ad
454 3538 536 3591 Carm.
557 3538 603 3601 ΙΙΙ,
620 3537 704 3601 6,38.
751 3537 910 3589 Describitur
940 3537 1000 3587 inda
1023 3535 1056 3587 ab
1079 3534 1213 3586 hocloco

125 3609 268 3660 rusticorum
279 3612 334 3660 vita
345 3608 500 3672 domestica3
520 3612 554 3661 ita
574 3618 601 3658 nt
623 3617 675 3658 tota
695 3608 759 3659 baec
781 3608 893 3659 laudatio
911 3608 938 3658 in
957 3608 1020 3657 duas
1040 3607 1095 3657 lere
1114 3616 1214 3673 aequa-

128 3673 160 3725 les
179 3688 264 3743 partes
283 3680 422 3743 (lividatur,
443 3696 548 3749 quarum
568 3679 649 3729 altera
666 3679 744 3730 uitam
766 3681 887 3730 rusticam
909 3686 980 3728 extra
1001 3677 1112 3738 domurn,
1132 3675 1214 3726 altera

127 3744 239 3802 indorun
261 3752 364 3802 lrabeat.
412 3750 534 3815 Quande
554 3764 641 3800 amore
661 3749 824 3813 dictasunt,
856 3763 886 3799 ea
905 3748 937 3798 ab
956 3748 1037 3798 ultera
1057 3747 1088 3797 ad
1108 3746 1214 3796 alteram

127 3814 237 3885 legentes
259 3822 438 3873 transducunt.
455 3854 490 3864 -
502 3830 617 3873 castratur
628 3818 723 3893 focum]
746 3820 785 3870 llo
805 3818 866 3887 quid
889 3818 1011 3870 audacter
1029 3816 1123 3868 dietum
1141 3825 1216 3882 putes

127 3901 168 3951 pro
185 3894 257 3959 tiprrc
272 3895 375 3959 insono
391 3901 468 3943 castr.
488 3907 608 3958 compara
627 3890 779 3941 Ciceronem
800 3890 873 3941 Tuse.
896 3891 926 3951 V,
946 3890 989 3951 21,
1007 3889 1050 3941 62.
1076 3919 1109 3929 -
1131 3888 1216 3937 borna

126 3960 190 4031 unul
209 3964 445 4030 prosimplicitatc
465 3965 567 4013 rustica.
579 3993 612 4002 -
627 3965 762 4031 inemptas]
784 3960 851 4011 domi
869 3968 952 4011 natas.
971 3960 1040 4026 virg.
1060 3958 1154 4025 Genrg.
1173 3957 1216 4022 lv,

129 4029 172 4081 132
182 4048 218 4100 sq.
238 4066 270 4076 -
294 4035 422 4104 Lumina]
443 4049 457 4083 e
476 4034 535 4084 laen
557 4034 674 4083 lucrino.
696 4034 748 4083 Sat.
767 4031 800 4094 ll,
819 4032 845 4092 b,
862 4030 906 4081 32.
925 4064 959 4074 -
979 4031 1054 4100 Eois]
1067 4031 1216 4102 ‚praecipue

128 4098 219 4165 Syriae.
241 4133 277 4145 -
295 4107 426 4175 intonata]
447 4120 504 4155 cunr
522 4105 617 4154 tonitru
638 4104 765 4165 immissa3
785 4109 888 4169 praeter
905 4100 930 4151 b.
951 4100 967 4151 Ι.
985 4112 1038 4151 nou
1055 4099 1157 4151 videtur
1175 4101 1218 4149 in-

126 4175 201 4224 ueniri
220 4174 288 4225 haec
309 4175 397 4230 forma.
419 4208 450 4218 -
475 4175 544 4241 Afra
562 4176 628 4243 anu]
651 4173 749 4241 gallina
768 4171 919 4235 Numidica,
937 4170 1077 4222 Perlbuhu.
1098 4201 1132 4212 -
1148 4169 1217 4220 mai-

125 4247 177 4311 ore]
200 4246 232 4295 cl.
254 4246 341 4297 carm.
363 4246 384 4311 Ι,
400 4246 444 4309 31,
464 4246 504 4298 16.
536 4247 588 4297 Sat.
610 4244 643 4306 ΙΙ,
653 4245 679 4307 Ι,
696 4246 729 4297 27
743 4260 801 4311 sqq.
821 4275 857 4284 -
877 4241 1071 4311 Terminalibus]
1094 4240 1219 4294 udvtl.

126 4310 175 4363 lat.
188 4315 260 4366 llart.
284 4315 360 4367 Ouid.
381 4315 450 4367 Fust.
470 4316 504 4379 ΙΙ,
517 4316 587 4369 653:
618 4317 768 4382 „Spargitur
788 4322 814 4365 et
832 4327 909 4363 caesa
926 4315 1070 4363 communis
1086 4311 1220 4362 Terminus

127 4396 210 4449 ΨΜ
234 4416 269 4427 -
289 4387 359 4456 ditis]
381 4386 486 4438 Pontica
507 4386 572 4437 haec
593 4386 673 4437 lorrna
694 4402 708 4436 a
726 4385 853 4451 prosaicis
872 4384 1041 4449 scriptoribus
1058 4390 1163 4448 recepta
1179 4389 1220 4432 ert

128 4452 274 4524 ablingunt
287 4456 390 4508 demum
407 4466 501 4508 setara
519 4456 574 4508 Liv.
594 4455 724 4520 xlmas
746 4456 779 4506 el.
799 4454 894 4507 Tibull.
917 4455 950 4519 ll,
966 4454 1049 4518 istd:
1070 4452 1220 4523 „Turbaque

128 4537 268 4593 ternarum,
290 4530 372 4580 saturi
389 4527 459 4579 bona
474 4529 550 4595 signa
567 4527 678 4579 coloni.a
696 4528 749 4580 Sat.
769 4527 802 4592 ll,
825 4525 905 4592 6‚6o.
928 4556 959 4570 -
979 4525 1135 4595 renidentes]
1157 4524 1220 4574 tersi
