3117 5042
808 345 1082 442 cueuruun

681 617 686 624 .
788 556 1137 632 CarmeuXVll.·

597 720 661 785 Cur
682 740 729 784 me
750 723 885 804 querelis
906 723 1064 786 exanimas
1086 722 1171 785 trist

595 831 658 891 Nec
677 829 725 891 ‹lts
747 831 876 893 amicum
896 839 944 892 est
965 849 1022 893 uec
1041 831 1115 894 mibi
1137 840 1168 893 te
1192 833 1276 914 prius

636 939 752 1017 Obice,
772 939 955 1016 Maecenas,
978 957 1115 1002 mearum
1167 921 1169 924 ⁵

678 1046 807 1111 urenae
827 1048 920 1108 deun
941 1048 1141 1130 columenque
1165 1065 1277 1109 rerum.

562 1214 575 1256 s
596 1195 644 1258 Ab
669 1204 699 1258 te
723 1215 809 1259 meae
830 1197 856 1258 si
879 1206 997 1277 purtem
1016 1197 1138 1260 animae
1159 1185 1240 1278 rapit

596 1303 754 1367 blaturior
773 1303 842 1382 uls,
864 1304 934 1386 quiri
953 1321 1058 1367 moror
1079 1305 1203 1378 altera,

639 1414 703 1475 Neo
724 1430 934 1494 carneaeque
955 1430 1012 1476 uec
1032 1415 1189 1493 superstes

683 1521 829 1601 integerl
870 1521 928 1582 lile
948 1520 1014 1582 «lies
1034 1529 1194 1603 atramque

599 1668 696 1731 Ducet
718 1669 848 1731 ruinam.
891 1671 959 1731 Non
981 1687 1041 1750 ego
1054 1669 1211 1752 ¹perlirlunr

546 1795 574 1837 ro
596 1776 669 1840 uixi
692 1767 937 1841 sacramentum:
960 1775 1086 1852 ibimus,
1110 1778 1234 1853 ibimus,

644 1885 801 1968 Utcunque
824 1886 1012 1965 praecedes,
1035 1905 1206 1967 supremum

684 1991 822 2074 Carpere
843 1994 903 2060 iter
923 1994 1051 2056 comites
1072 1994 1187 2074 parati.

601 2142 652 2204 ble
673 2159 729 2203 nec
752 2116 1073 2223 Chimaeraespiritus
1095 2125 1207 2242 i'gneae

602 2252 665 2312 Nec
686 2251 712 2312 ei
736 2258 883 2333 resurgat
902 2252 1092 2313 centimanus
1116 2249 1202 2332 Gyas

822 2438 971 2490 Carmen
991 2437 1076 2494 xvii.

490 2532 553 2584 Cum
572 2533 708 2584 Maecenas
727 2535 860 2602 perpetuis
889 2533 1005 2596 febribus
1025 2529 1155 2584 inhereret
1182 2563 1214 2575 -
1243 2533 1283 2581 cui
1305 2532 1342 2581 rei
1363 2529 1428 2581 testis
1444 2533 1472 2604 esl

404 2605 501 2658 Plinius
520 2603 699 2668 ll.1l.v1l‚51
714 2624 721 2656 ι
740 2604 913 2669 „Quibusdam
931 2612 1056 2672 perpetua
1077 2604 1157 2654 lebris
1169 2609 1209 2652 est
1220 2603 1289 2652 sicut
1305 2602 1334 2653 C.
1347 2601 1472 2652 llaeceuau¹

397 2675 491 2726 'Eidem
510 2677 620 2726 triennio
640 2692 761 2742 supremo
781 2675 853 2728 nullo
874 2676 953 2727 horae
971 2683 1100 2727 momento
1119 2671 1228 2740 conligit
1240 2681 1363 2723 sonrnus“
1375 2703 1411 2733 -,
1423 2683 1472 2730 stu·

403 2747 450 2797 siin
470 2752 539 2795 tauta
561 2748 617 2797 eius
639 2749 750 2798 animum
770 2763 914 2814 occupasse
933 2746 1035 2797 uidetur
1054 2747 1171 2808 tristitia,
1199 2753 1227 2794 ut
1255 2761 1315 2794 eum
1336 2751 1393 2793 tuuc
1409 2743 1472 2806 ipsum

403 2833 435 2866 cx
454 2817 526 2881 gravi
546 2817 642 2884 impetu
662 2816 847 2881 conualuissct,
865 2819 981 2872 restituta
1002 2815 1151 2868 valetudine
1169 2830 1221 2866 non
1239 2815 1289 2864 iam
1301 2813 1425 2882 gauderet,
1440 2805 1474 2880 etl

403 2903 436 2937 ne
456 2885 572 2937 redeunti
592 2888 681 2940 morbo
700 2906 759 2939 mox
777 2889 959 2940 succumberet
975 2888 1098 2939 continuo
1116 2902 1214 2957 angore
1235 2893 1401 2953 premeretur.
1432 2879 1473 2942 un

403 2957 480 3009 orrimi
499 2957 637 3011 allectione
656 2960 717 3028 quid
740 2961 837 3020 tristius
856 2961 940 3026 potuit
960 2974 1019 3010 esse
1037 2960 1135 3028 optimo
1153 2957 1245 3022 amico,
1267 2955 1391 3008 lior-atio?
1408 2954 1473 3016 Quare
1516 2971 1517 2974 ¹

403 3029 445 3080 iric
464 3027 614 3081 dulcissimo
631 3030 679 3082 lroc
698 3033 811 3082 carmine
830 3031 904 3084 illum
919 3030 1083 3081 admonetne
1102 3031 1171 3078 uitae
1188 3044 1260 3093 spcru
1282 3027 1395 3090 abiicere
1414 3020 1473 3078 reliti

405 3100 507 3165 utrique
526 3098 670 3166 longiorem
690 3103 767 3152 uitam
787 3102 875 3152 divino
897 3100 1006 3152 consilio
1026 3114 1085 3151 esse
1103 3098 1273 3160 destinaturu3
1305 3101 1376 3149 cuius
1394 3096 1425 3147 rei
1441 3091 1472 3139 lu-

405 3168 536 3220 culcntum
559 3172 733 3224 testimouium
753 3180 889 3240 utrumque
908 3173 1063 3240 accepisse,
1081 3168 1190 3221 alterurn
1210 3172 1236 3220 in
1253 3168 1340 3220 salute
1359 3184 1389 3218 er
1405 3161 1474 3216 uturbt

406 3241 540 3301 restituta,
573 3241 598 3289 in
618 3243 702 3307 capite
722 3258 736 3292 a
755 3244 865 3294 cadente
883 3243 975 3293 arbore
996 3250 1099 3293 serrato
1118 3241 1234 3292 alterurn.
1273 3241 1373 3303 Quibus
1391 3237 1475 3287 deorum

406 3308 541 3359 beneficiis
559 3311 620 3378 quid
640 3311 708 3363 aliud
729 3315 830 3372 ostendi
848 3315 897 3364 nisi
917 3314 1055 3363 coniuncta
1077 3329 1135 3363 csse
1157 3314 1293 3378 utriusque
1313 3309 1386 3362 lata?
1418 3307 1475 3357 bell

404 3379 508 3430 ridetur
526 3379 576 3431 boc
596 3398 699 3434 carmen
719 3401 778 3436 csse
797 3387 919 3451 scriplum
940 3384 1030 3435 eodem
1048 3397 1099 3450 quo
1121 3382 1195 3432 liuius
1215 3382 1272 3431 iibri
1296 3383 1350 3445 13,
1379 3378 1407 3430 acl
1423 3369 1475 3442 qimi

405 3451 474 3502 ride.
510 3450 599 3504 Facile
620 3454 792 3522 intelligitur,
823 3463 902 3506 toturn
927 3455 977 3505 boc
1002 3456 1157 3506 tenerrimae
1177 3453 1307 3503 amicitiae
1328 3447 1476 3503 testiuroninn

404 3524 430 3573 in
450 3521 512 3576 duas
533 3523 612 3575 dividi
631 3526 754 3594 aequales
774 3535 877 3593 partes,
898 3541 1004 3592 quarum
1025 3529 1098 3592 quasi
1118 3526 1286 3590 praenuntius
1306 3533 1346 3574 est
1366 3513 1476 3571 rursusi

474 3628 504 3678 V.
528 3623 550 3678 1'.
572 3632 715 3699 monimus]
737 3647 856 3696 moerore
872 3630 963 3682 allicis.
984 3632 1035 3684 Sul.
1056 3631 1077 3691 l,
1096 3629 1122 3693 Ι,
1137 3630 1194 3681 127.
1218 3628 1272 3679 Cic.
1291 3643 1339 3695 pro
1359 3620 1477 3678 nilebl,

404 3696 448 3748 93.
476 3725 510 3741 —-
537 3700 614 3751 docus
632 3700 808 3771 columenque]
836 3701 926 3752 eadem
949 3702 1013 3752 baec
1032 3709 1181 3751 ornamenta
1202 3711 1269 3766 quae
1287 3699 1371 3748 Curm.
1389 3696 1408 3754 l,
1427 3689 1478 3750 lst-

405 3800 437 3810 -
458 3778 559 3836 portem
578 3771 693 3841 animae]
717 3772 750 3822 cl.
769 3773 853 3823 Caum.
873 3774 892 3835 1,
912 3771 938 3835 3,
952 3773 978 3828 8,
998 3771 1040 3821 ubi
1063 3772 1132 3821 ville.
1156 3800 1184 3812 -
1216 3781 1295 3820 carcre
1312 3771 1400 3835 new]
1418 3771 1478 3826 arque

407 3854 476 3888 nuuc
495 3856 559 3892 sum.
597 3840 655 3903 Quo
672 3842 754 3893 uerbo
771 3844 833 3909 quid
852 3846 886 3893 sit
905 3842 1001 3910 quidue
1020 3840 1108 3892 ualeat
1127 3849 1205 3890 totum
1227 3856 1256 3890 sc
1271 3840 1369 3890 debere
1382 3834 1477 3909 oitllec·

407 3911 501 3960 cenati.
524 3911 558 3961 el.
579 3910 661 3977 Epist.
680 3912 700 3974 l,
718 3913 744 3978 3,
762 3914 805 3966 29.
825 3907 907 3979 Epod.
930 3915 954 3974 1,
973 3914 997 3965 5.
1025 3944 1058 3953 —
1092 3912 1191 3968 bimus,
1213 3912 1314 3978 munus]
1335 3909 1363 3960 ln
1382 3900 1478 3981 ubtuli·

406 3982 511 4032 catione
528 3981 747 4049 (denotationis)
766 3986 829 4035 mira
849 3984 974 4050 quaedam
993 3985 1033 4034 uis
1054 3984 1122 4032 inest
1142 3981 1320 4031 nllirmatioru's
1339 3978 1478 4048 etrcrilult‘·

409 4058 597 4123 -utcunquel
626 4055 658 4104 ad
676 4048 823 4120 exemplum
842 4054 985 4123 particulae
1002 4063 1029 4104 ut
1047 4053 1111 4103 baec
1132 4067 1235 4119 quoque
1256 4052 1359 4116 accepit
1377 4053 1478 4109 scruputi

409 4121 640 4182 significationcmr
660 4125 876 4192 quandocunque.
898 4155 931 4166 -
952 4129 1069 4194 carpere]
1090 4125 1142 4174 Sat
1166 4123 1184 4184 l,
1198 4125 1223 4181 5,
1233 4122 1276 4173 95.
1316 4122 1386 4186 virg.
1403 4116 1478 4189 Grati·

406 4192 456 4253 ΙΙΙ,
477 4193 527 4242 142
554 4192 595 4256 lv,
613 4195 674 4245 311.
709 4225 741 4235 -
776 4197 943 4266 Chimaerae]
965 4196 1036 4256 „lton
1056 4204 1095 4244 est
1116 4201 1184 4244 taum
1205 4194 1254 4254 vis,
1273 4197 1341 4259 quae
1361 4205 1400 4240 mc
1418 4187 1481 4259 posu!

411 4277 534 4327 seperare
553 4279 567 4313 a
586 4272 640 4315 to.“
676 4265 704 4316 ln
725 4282 776 4332 quo
796 4266 855 4316 loco
876 4275 902 4317 ut
922 4281 1044 4317 srrrnmum
1065 4267 1115 4314 vim
1136 4264 1238 4330 poetice
1258 4261 1404 4318 describat,
1432 4251 1481 4326 Cb?

413 4347 540 4396 macram,
560 4336 718 4401 ignivomum
737 4347 893 4400 monstrum,
920 4347 945 4386 et
963 4339 1136 4387 centimanum
1155 4335 1247 4398 Gyan,
1270 4334 1364 4384 Terrae
1382 4337 1405 4379 et
1421 4319 1480 4375 corb

411 4402 490 4456 filiurn
511 4405 607 4472 (Carnu.
626 4406 646 4469 l,
667 4407 711 4467 27,
730 4407 771 4457 24.
793 4408 837 4469 ΙΙΙ,
857 4409 882 4470 Ι,
901 4408 958 4474 69),
977 4406 1071 4458 intulit.
1092 4408 1125 4457 cl.
1144 4406 1214 4470 Virg.
1236 4406 1300 4454 Aen.
1321 4402 1365 4462 Vl,
1384 4397 1437 4476 285}-
1459 4418 1482 4429 ‘

412 4479 542 4545 recurunt]
578 4477 599 4527 si
620 4476 674 4527 lieri
697 4481 780 4544 possit
800 4486 827 4528 ul
849 4485 973 4545 resurgat.
1017 4477 1079 4528 Num
1100 4479 1125 4527 ia
1147 4476 1251 4527 Tartaro
1270 4479 1409 4541 prostratus
1423 4467 1482 4514 racul-
