3117 5042
462 425 552 488 ΗΒ.
576 427 600 488 l.
644 425 753 491 snt.
776 428 814 489 ll.

179 613 258 676 liam
282 612 382 705 ritant
402 611 489 675 stulti
511 608 606 689 vitia,
627 612 662 675 ia
681 612 842 678 matralia
861 623 998 681 eumont

128 740 158 783 aa
177 720 353 784 lllalcbiuus
374 720 485 784 tunicis
507 720 653 783 anissis·
667 719 822 797 ambulat;
844 724 963 806 estqui
1108 708 1111 713 ¹

179 830 297 910 luguen
319 828 359 890 ad
382 827 566 892 obscoenum
586 827 744 891 subductis
761 846 857 911 usque
880 831 1000 896 lacetus
1013 854 1027 895 t·
1090 824 1099 835 ’

179 936 329 1001 Pastillos
349 936 480 998 Rufillus
500 936 582 1013 olet,
605 935 784 1016 Gargoniua
807 936 933 1003 bircam.

177 1045 229 1106 Nil
253 1045 385 1107 medium
407 1049 464 1107 est.
500 1042 581 1109 Suut
595 1043 647 1125 (μή
667 1044 766 1106 uelint
780 1045 929 1127 tetigisse
948 1045 1009 1108 nisi
1030 1046 1121 1126 illas,

90 1190 98 1196 ·
178 1154 317 1228 omruu
337 1151 465 1214 suana
484 1151 568 1213 talos
590 1156 679 1232 cogn
700 1151 809 1215 instita
828 1160 937 1229 vestu
978 1172 982 1178 ·
1008 1195 1013 1203 ·

128 1278 159 1320 so
178 1258 299 1323 &stra
319 1259 401 1321 alius
422 1259 537 1322 nullam
559 1258 621 1322 uisi
642 1259 738 1325 oleati
761 1259 793 1322 iu
814 1260 933 1323 ibruice
955 1268 1096 1325 stantem.

178 1367 310 1444 Quidam
331 1374 422 1429 uotrrs
444 1365 534 1459 bomo
555 1386 624 1431 crus
639 1367 750 1430 exiret
766 1367 905 1446 seruire,
928 1368 1032 1433 Macte

181 1475 306 1538 Virtute
328 1483 405 1553 esto,
427 1475 699 1557 iuquirssutesuu
719 1476 773 1541 dia
793 1475 938 1555 Catonis3
1041 1496 1049 1511 ⁸

180 1586 259 1647 Nan
283 1584 372 1646 simul
393 1602 431 1647 ac
451 1586 550 1646 vesias
569 1584 690 1648 inflavit
712 1590 796 1651 tetra
816 1583 931 1664 libido,

177 1692 245 1754 lluc
267 1688 397 1755 iuvenca
418 1706 548 1773 aequum
569 1698 617 1755 est
637 1691 841 1772 descendere,
862 1678 925 1756 uon
947 1694 1073 1758 alienas

125 1819 155 1863 as
179 1800 357 1864 Permolerc
377 1817 500 1863 uxoroe.
542 1800 642 1862 lloliur
664 1800 834 1880 laudarier,
855 1801 963 1885 iuquit,
991 1830 996 1835 ·

179 1908 236 1974 Sic
256 1926 314 1986 me,
333 1907 463 1970 mirator
482 1908 574 1970 cauni
596 1889 783 1990 Cupiennius
803 1909 879 1972 albi.
1086 1896 1094 1903 ⁴

102 2041 178 2107 15‚5.
196 2071 232 2083 -
250 2054 302 2106 pue¹
318 2041 374 2107 rer]
392 2037 489 2090 Similis
507 2038 541 2111 ad
557 2039 640 2105 ipsam
657 2054 712 2089 rem
732 2006 883 2090 transumi
901 2039 968 2090 ratio
987 2038 1038 2093 Sat.
1050 2032 1103 2103 l‚'l,
1113 2038 1146 2089 14
1154 2054 1194 2106 sq.
1244 2080 1247 2087 ,

170 2128 201 2180 V.
223 2127 266 2179 ib.
295 2125 454 2200 Hulclr'saa}
480 2124 580 2181 Nomou
600 2125 688 2178 llctuur
706 2141 722 2176 a
740 2141 836 2195 graeco
854 2119 1001 2197 μαλακὸς,
1020 2140 1071 2194 quo
1092 2135 1197 2179 veteres

96 2200 175 2249 ctiam
195 2196 270 2248 latini
291 2204 384 2262 poetae
403 2197 442 2246 usi
463 2204 531 2259 sunt,
550 2203 578 2246 ut
594 2195 675 2251 Plaut.
698 2195 750 2248 llil.
768 2196 815 2261 111,
835 2198 860 2258 1,
874 2195 930 2249 '742
949 2196 1089 2263 „cinaedus
1110 2197 1194 2249 mala-

96 2276 170 2321 eus‘
216 2269 267 2332 Qui
286 2283 318 2318 ex
336 2266 395 2317 aliis
416 2265 550 2323 codicibus
570 2267 714 2319 dlaltlinar
734 2267 777 2318 vel
797 2266 1107 2320 Maltinus-scribendum
1127 2283 1193 2319 een-

97 2348 217 2404 aueruut,
237 2337 271 2389 ab
290 2340 398 2405 antiquo
415 2337 543 2395 vocabulo
565 2336 647 2389 malta
666 2340 684 2389 i.
698 2353 722 2389 e.
741 2338 827 2391 mollia
842 2338 1011 2405 repetendum
1029 2353 1124 2389 nomen
1144 2339 1196 2389 rlo-

97 2419 168 2464 cent.
206 2407 360 2461 Scholiastis
382 2408 531 2460 auctoribus
550 2408 692 2460 Maecenas
710 2407 760 2459 boc
780 2409 886 2461 nomine
904 2411 1036 2476 tangitur,
1063 2410 1106 2476 qui
1126 2417 1194 2461 teste

98 2483 201 2534 Seneca
221 2496 263 2547 ep.
284 2476 335 2530 114
359 2478 444 2530 soluta
464 2481 551 2531 tunica
570 2495 617 2546 per
634 2479 725 2532 urbem
744 2481 784 2531 ire
803 2478 931 2531 solebat..
958 2479 997 2531 De
1015 2494 1074 2546 qua·
1086 2494 1115 2530 re
1136 2494 1195 2531 cum

99 2551 163 2603 olim
183 2564 238 2603 uon
256 2559 329 2602 esset
345 2549 487 2602 dubitatum
506 2551 655 2621 scrupulum
673 2566 743 2603 nuuc
762 2558 901 2617 noverunt
919 2549 1062 2601 docussruu
1073 2565 1132 2614 vrri,
1150 2551 1195 2618 qui

99 2621 237 2675 scurrilem
258 2630 285 2672 et
302 2620 335 2671 ab
356 2620 454 2671 Horatii
476 2622 685 2689 llaecenatisque
710 2623 894 2672 coniunctione
915 2618 1099 2672 alienissimam
1118 2630 1196 2687 puta-

100 2701 159 2745 rent
179 2691 404 2745 Haeceuatis'sub
423 2693 484 2760 licto
499 2695 607 2745 nomine
627 2693 782 2743 irrisionem.
828 2695 948 2747 Attamen
973 2700 1000 2743 et
1015 2690 1063 2742 illa
1080 2692 1197 2743 scholia-

100 2773 199 2816 starum
211 2765 352 2821 annotatio
370 2764 511 2831 antiquitus
531 2763 623 2814 tradita
642 2762 744 2816 videtur
762 2778 849 2832 nequa
869 2764 896 2817 in
917 2764 974 2829 ipso
985 2762 1034 2814 boc
1045 2762 1105 2814 loco
1118 2763 1197 2831 quid-

101 2851 179 2903 quam
198 2843 239 2885 est
267 2843 317 2885 tam
345 2833 484 2901 malignum
505 2842 549 2884 aut
566 2832 780 2885 contumeliosum
800 2843 828 2884 ut
844 2826 991 2898 Maecenas,
1012 2835 1068 2884 aive
1087 2835 1199 2885 coniun-

102 2916 160 2957 ctus
179 2908 236 2956 ianr·
257 2905 384 2955 luit-cum
404 2905 509 2956 llorauo
525 2906 657 2955 'sireuou
677 2906 744 2968 luit,
772 2906 829 2956 iure
845 2902 969 2971 'potuerit
994 2903 1098 2955 edendi,
1134 2903 1198 2955 liam

102 2977 191 3041 „stulti
215 2992 296 3043 prope
318 2985 424 3027 omnes“
443 2974 562 3026 dicuutur
579 2976 630 3027 Sat.
652 2975 685 3039 ll,
709 2975 736 3038 3,
746 2974 799 3034 323
821 2990 879 3031 cum
896 2990 947 3041 quo
966 2975 1024 3026 luco
1044 2974 1078 3031 cl.
1098 2974 1152 3028 Sat.
1165 2973 1199 3038 ΙΙ,

100 3050 128 3109 3,
145 3047 210 3099 307.
231 3045 266 3109 tt,
286 3047 311 3109 7,
333 3047 376 3098 42.
414 3044 515 3096 Deinde
534 3047 723 3098 acumicorum
744 3044 848 3112 quidem
870 3046 940 3097 vitiis
962 3046 1081 3098 Horatius
1099 3060 1198 3113 peper-

102 3121 154 3180 cia;
173 3117 201 3169 id
220 3117 290 3185 quod
309 3120 475 3183 perspicuum
494 3124 535 3168 est
553 3132 585 3167 cx
604 3115 664 3168 loco
681 3119 733 3170 Sat·
752 3116 773 3181 l,
783 3117 809 3179 3,
821 3116 866 3179 26,
884 3132 961 3184 quam
980 3132 1033 3168 non
1051 3118 1107 3168 siue
1122 3116 1198 3168 buius

103 3189 155 3240 loci
176 3190 279 3239 ratione
299 3189 422 3254 scriptum
446 3199 505 3238 esse
524 3189 580 3238 veri
600 3188 685 3239 simile
706 3197 752 3238 est¹
778 3188 937 3239 'Praeterea
966 3204 999 3239 nc
1028 3187 1078 3239 boc
1094 3187 1198 3255 quidem

102 3268 175 3311 recte
196 3257 381 3320 concluditur,f
402 3260 446 3327 qui
469 3259 504 3308 ita
525 3257 699 3309 Maecenatem
725 3260 808 3325 ipsum
826 3261 986 3326 vituperaret
1007 3254 1065 3310 cun'r
1087 3259 1201 3310 nondum

104 3333 226 3397 potuisse¹
241 3325 354 3380 amicum
373 3328 455 3387 luisse
473 3329 639 3380 llaeceuatis.
676 3329 740 3380 llam
759 3331 780 3379 si
800 3331 862 3398 quid
870 3331 1023 3384 iniuriarum
1037 3333 1064 3381 iu
1080 3330 1129 3381 boc
1140 3330 1200 3382 loco

105 3404 207 3464 iuerat,
219 3446 222 3453 2
234 3416 287 3451 nou
306 3400 391 3451 ruinius
418 3402 501 3450 iuerat
524 3415 581 3450 curu
600 3401 753 3451 coniunctae
775 3400 913 3453 ederentur
931 3404 1027 3455 satirae
1047 3403 1120 3468 primi
1141 3401 1199 3450 libri

104 3487 183 3539 quarn
202 3486 260 3521 curu
280 3469 345 3521 baec
363 3487 414 3522 uua
433 3469 604 3531 scriberetur;
616 3479 653 3520 rut
670 3470 763 3521 idonea
781 3486 814 3521 ex
826 3487 857 3522 ea
875 3488 903 3523 re
922 3472 1033 3522 inveniri
1054 3488 1105 3525 uon
1118 3471 1201 3537 possit

106 3540 190 3599 causa
207 3540 254 3593 cur
271 3541 338 3593 baec
356 3544 435 3593 satira
452 3549 513 3591 aute
530 3542 627 3607 scripta
645 3551 704 3591 esse
721 3539 817 3591 debeat
836 3554 912 3608 quam
930 3542 1050 3613 llsrutius
1067 3541 1201 3592 alluces-

106 3622 167 3665 uate
187 3620 260 3663 esset
277 3614 345 3662 inter
357 3612 503 3672 ,familiares
515 3620 645 3677 receptus.
663 3643 689 3652 -
702 3613 797 3671 tunicis
809 3612 935 3678 demissis]
953 3612 1055 3663 solutis.
1076 3611 1109 3661 cl.
1120 3627 1144 3661 v.
1156 3610 1200 3663 99.

105 3683 162 3735 llou
184 3682 307 3733 videntur
326 3688 388 3735 eabe
407 3683 566 3745 demissitiae
577 3681 619 3732 vel
630 3679 732 3731 talares.
752 3680 807 3731 Cic.
818 3680 958 3745 incauti,
970 3681 1010 3735 10.
1026 3712 1059 3722 —
1074 3681 1214 3750 ambulatJ'

105 3756 167 3805 ride
187 3752 220 3803 ati
239 3753 321 3821 Epod.
337 3753 364 3815 4,
384 3756 408 3807 5.
429 3783 462 3794 -
482 3753 620 3823 subductis]
641 3750 855 3814 Quinctilius.
878 3751 945 3803 138:
986 3751 1048 3817 „cni
1069 3750 1202 3803 laticlavi

107 3828 146 3876 ius
168 3840 222 3875 uon
244 3827 294 3876 crit
312 3826 348 3874 ita
366 3826 493 3889 cingatur,
511 3831 539 3874 ut
556 3826 659 3874 tunicae
680 3821 809 3888 prioribus
828 3823 881 3873 oris
895 3822 966 3872 inira
983 3838 1068 3889 genua
1086 3820 1202 3891 paulum,

107 3896 299 3963 posterioribus
317 3896 351 3947 ad
368 3895 468 3946 medios
489 3893 602 3961 poplites
625 3909 707 3960 usquc
726 3895 889 3958 perveniant.
934 3891 999 3944 llam
1018 3892 1084 3945 inira
1106 3894 1203 3944 mulie-

107 3982 161 4019 rum
185 3974 243 4028 est,
271 3980 349 4033 supra
376 3967 589 4017 centurionum.“
634 3966 713 4015 Varro
733 3964 766 4014 de
783 3965 828 4013 vit
846 3979 908 4030 pop.
927 3962 1001 4015 Rom.
1020 3980 1062 4030 ap.
1083 3965 1149 4016 Nou.
1170 3964 1203 4015 de

107 4053 165 4105 gen.
189 4046 274 4088 vest:
293 4038 445 4103 „Postquam
467 4035 542 4086 binas
563 4036 663 4086 tunicas
682 4034 778 4086 babere
797 4043 948 4101 coeperunt,
969 4036 1135 4087 instituerunt
1153 4050 1204 4087 uo-

107 4125 168 4160 care
188 4108 343 4159 subuculam
354 4110 494 4177 (virorum)
513 4115 538 4157 et
548 4107 676 4159 indusium
695 4101 857 4175 (mulierum)
867 4113 882 4141 ‘⁴
897 4105 1077 4176 --l'ustillor]
1100 4107 1204 4159 cisen.

106 4196 147 4248 ep.
170 4179 223 4234 86:
255 4180 466 4245 „Descripturus
486 4177 608 4229 infamem
635 4185 662 4227 et
681 4178 768 4228 nimiis
794 4176 934 4235 notabilem
961 4174 1062 4228 deliciis
1084 4178 1204 4245 Horatius

107 4252 169 4319 quid
187 4249 249 4302 ait?
292 4249 412 4301 Pastillus
434 4256 507 4299 coto
554 4240 585 4298 lli
605 4246 722 4298 boniines
740 4248 804 4298 satis
823 4249 876 4297 noti
897 4247 1001 4297 luerunt
1022 4264 1108 4315 neque
1124 4248 1204 4298 ruini-

108 4337 165 4372 mae
184 4323 330 4389 diguitatis,
348 4329 484 4383 uteorum
506 4320 591 4370 irrisio
611 4326 705 4385 poetae
726 4318 848 4370 invidiam
869 4318 1028 4369 conflaverit.
1056 4320 1089 4368 ci.
1112 4319 1164 4369 Sat.
1183 4317 1205 4381 1,

108 4393 134 4455 l,
148 4393 182 4446 91
195 4410 236 4461 sq.
253 4426 282 4436 -
295 4394 396 4460 instita}
418 4390 527 4442 lasciuia
546 4389 672 4441 fimbriata
691 4391 717 4439 in
737 4387 873 4445 imastola
889 4397 1068 4449 matronarum.
1089 4420 1123 4429 -
1143 4388 1204 4439 lmu-

108 4464 209 4539 dars'er]
232 4456 294 4514 vide
312 4462 344 4514 ad
364 4461 448 4514 Garun.
466 4460 511 4523 1v;
532 4461 574 4518 tt,
587 4461 611 4512 8-
631 4460 665 4511 cl.
689 4458 755 4510 iulra
769 4461 827 4521 tos.
845 4461 891 4513 Sat
916 4459 949 4521 ΙΙ,
968 4461 995 4523 8,
1005 4461 1049 4513 67.
1068 4459 1151 4526 Epist.
1169 4458 1205 4523 ll,

109 4535 133 4598 1,
151 4534 194 4586 94.
213 4534 248 4598 ll,
268 4534 295 4599 Ξ,
316 4533 375 4585 148.
395 4564 430 4575 -
450 4533 616 4604 Cupiennius}
636 4532 665 4583 O.
684 4528 844 4598 Gupiennius
862 4531 927 4583 Libo
945 4530 1074 4584 Curnanus
1092 4531 1204 4599 Augusti
