3117 5042
363 424 425 488 ris
751 404 1060 515 saniarium

399 570 407 605 ¹
443 606 626 695 Manripiuur
646 607 769 672 domino
789 614 821 672 et
839 609 924 690 frugi
947 609 1027 691 quod
1052 607 1206 687 sitacus,
1229 607 1290 671 lmc
1307 612 1363 687 est,

445 720 485 782 llt
505 719 601 783 uitale
624 724 721 800 putes.
764 712 857 800 AgcJ
877 717 1021 782 libertate
1041 718 1219 794 Decembri,

409 847 426 890 s
447 828 576 905 Quando
596 827 644 889 ita¹
660 814 793 890 maiores
817 826 995 906 voluerunt,
1015 833 1123 904 utere3
1144 810 1250 890 narra.

445 936 523 999 Pars
544 934 695 998 bominum
713 933 797 997 vitiis
816 933 936 1016 gaudet
955 941 1150 1012 constanter,
1171 942 1202 997 et
1223 939 1320 1018 urget

443 1024 657 1126 Propositum
678 1060 752 1125 pars
774 1043 870 1105 multe
890 1048 988 1122 natat,
1011 1042 1101 1106 modo
1123 1051 1209 1107 recte
1232 1062 1401 1127 capesseus,

444 1151 598 1216 Interdum
622 1151 730 1234 pravis
751 1150 896 1216 obnoxia.
938 1151 1040 1234 Saepe
1062 1146 1186 1214 notatus
1244 1230 1247 1239 ,
1288 1146 1290 1149 ’

444 1260 519 1324 Cum
541 1260 639 1323 tribus
662 1260 795 1342 anellis,
815 1237 905 1323 niodo
925 1260 1020 1324 laeva
1042 1260 1166 1323 Priscus
1187 1259 1285 1340 inani,

393 1386 423 1432 io
444 1367 739 1450 virtutemnon,
763 1368 883 1431 clavum
905 1374 938 1429 ιιι
958 1356 1092 1430 mutaret
1111 1367 1144 1431 io
1163 1367 1276 1446 boras;

441 1477 579 1541 'Aedibus
600 1495 640 1540 ex
657 1476 779 1559 magnis
801 1476 901 1538 subito
923 1494 956 1537 se
975 1454 1143 1554 conderet,
1162 1477 1243 1540 unde
1298 1554 1300 1557 ι

445 1585 588 1650 blandior
603 1583 703 1651 exiret
725 1584 778 1648 rix
800 1583 964 1648 libertinus
985 1572 1111 1649 honeste
1118 1607 1128 1663 3

361 1798 417 1842 tore
437 1788 551 1840 ridiculis
565 1770 708 1841 Stoicoriam
725 1788 896 1850 Romanorum
910 1789 1033 1842 doctrinis
1043 1789 1236 1841 imbutumesse
1247 1787 1325 1853 ⁸linxit
1340 1788 1431 1858 (ιιι).

360 1858 444 1913 Aliter
462 1863 529 1912 enim
542 1858 609 1911 unde
620 1860 707 1912 Davus
725 1862 837 1912 animum
853 1863 1007 1928 sumpsisset
1023 1868 1050 1913 et
1064 1856 1214 1912 facultatem
1231 1863 1269 1912 ita
1280 1859 1433 1927 disputandi?

361 1928 395 1984 Et
412 1930 479 1996 vide,
497 1930 529 1981 ab
548 1932 657 1983 ianitore
679 1930 800 1999 Crispini,
818 1948 869 1983 non
888 1932 919 1983 ab
938 1935 995 1999 ipso
1018 1932 1137 2000 Crispino
1155 1947 1227 1983 suam
1238 1933 1386 2007 sapientiam
1395 1930 1434 1981 ille

362 2004 472 2069 accepit,
491 2001 541 2053 hoc
560 2009 601 2053 est
618 2018 633 2052 a
651 2000 776 2054 vilissimo
794 2005 937 2069 mancipio,
955 2003 1023 2054 unde
1040 2018 1093 2054 non
1111 2004 1215 2054 minima
1224 2000 1342 2069 prolecto
1361 2001 1434 2053 vilitas

363 2081 390 2125 et
409 2074 525 2143 nequitia
544 2074 571 2124 in
596 2068 680 2141 ipsam
706 2088 810 2142 quoqne
830 2075 981 2141 sapientiam
1009 2074 1170 2125 redundavit.
1216 2075 1303 2137 Quare
1329 2074 1435 2125 Horatius

227 2144 231 2149 '
251 2192 254 2195 .
363 2142 471 2196 alteram
487 2141 564 2195 simul
587 2145 752 2195 occasionem
772 2154 863 2196 nactus
881 2153 937 2210 cst,
960 2147 987 2196 in
1004 2145 1129 2196 insulsum
1148 2139 1212 2196 illud
1230 2162 1313 2212 genus
1332 2140 1434 2196 aremiu-

362 2214 454 2284 goium
472 2214 639 2267 acerbissime
656 2214 814 2277 invehendi3
842 2214 911 2284 quod
929 2217 1057 2284 quomodo
1079 2214 1216 2267 ludibrium
1232 2204 1342 2267 reddere
1358 2217 1435 2273 retius

320 2350 323 2355 ,
361 2290 446 2355 potnit
463 2288 530 2338 inter
550 2285 681 2355 aequales,
702 2302 777 2354 quam
797 2288 833 2337 ita
851 2295 880 2338 ut
897 2286 1020 2341 doctores·
1037 2295 1063 2339 et
1080 2289 1235 2354 interpretes
1253 2287 1436 2339 doctriuaeeo-

360 2374 416 2427 rum
434 2358 642 2429 nuncinsaimm
663 2366 691 2409 et
706 2357 834 2424 perditum
852 2367 1019 2413 mercatorem
1040 2360 1106 2427 (Sat.
1126 2357 1160 2423 ll,
1177 2360 1208 2427 3)
1226 2375 1295 2410 nunc
1315 2357 1436 2426 nequien-

361 2444 430 2481 mum
449 2444 552 2480 servum
574 2437 600 2480 et
616 2430 751 2480 ianitorem
770 2427 909 2480 redderet?
921 2461 952 2471 -
972 2429 1012 2481 Dc
1028 2433 1248 2497 temporesatirae
1267 2428 1331 2483 nihil
1351 2438 1437 2481 cenum

362 2507 403 2551 est
421 2498 491 2550 aliud
507 2501 558 2551 nisi
578 2499 699 2552 babuisse
717 2501 767 2551 iam
787 2499 919 2551 Horatium
939 2500 1096 2568 aliquamdiu
1113 2498 1210 2565 ¹uillam
1233 2516 1308 2554 suane
1328 2500 1437 2554 Sebinnus

363 2576 401 2641 [v.
417 2572 460 2622 28.
485 2571 547 2640 118)
559 2587 566 2634 ;
580 2623 583 2629 ,
595 2572 753 2622 veri'tamen
772 2569 857 2622 simile
877 2578 916 2622 est
938 2570 1005 2623 haud
1023 2573 1059 2622 ita
1076 2570 1156 2623 multo
1174 2580 1233 2638 post
1253 2579 1353 2623 sextam
1372 2571 1437 2621 liuius

362 2640 421 2693 libri
442 2641 630 2710 huncquoque
649 2636 771 2708 scriptam
794 2656 863 2693 esse.
907 2641 946 2694 lta
965 2644 997 2694 iis
1019 2644 1146 2695 assentior
1163 2644 1208 2712 qni
1225 2642 1259 2694 ad
1279 2658 1304 2695 a.
1324 2641 1375 2695 724
1395 2642 1437 2693 hoe

361 2726 455 2784 poema
472 2712 635 2764 referendum
654 2714 839 2764 existimarunt.

433 2818 466 2869 v.
488 2820 511 2871 1.
531 2817 657 2892 miscello]
680 2814 773 2886 Cogita
791 2817 923 2870 Horatium
940 2820 967 2869 iu
985 2817 1106 2870 cubiculo
1126 2825 1170 2869 aut
1180 2817 1250 2869 clara
1265 2831 1335 2869 voce
1350 2814 1438 2883 legisse

363 2896 409 2941 aut
427 2889 495 2943 inter
512 2887 676 2942 scribendum
694 2898 782 2942 secum
802 2888 911 2941 subinde
922 2904 982 2941 esse
999 2889 1123 2953 locutum,
1140 2905 1226 2956 neque
1241 2903 1346 2957 seruum
1358 2902 1438 2938 auson

363 2976 423 3013 esse
443 2960 527 3012 adbuc
544 2960 663 3012 libertate
684 2960 855 3013 Saturnalium
871 2962 919 3023 uti,
940 2960 1041 3011 undem
1053 2969 1224 3027 opportunum
1235 2967 1338 3026 tempus
1346 2966 1438 3009 namon

362 3031 493 3085 silentium
521 3048 648 3098 rumpere.
685 3031 764 3097 Ppeta
793 3033 828 3083 ita
848 3030 926 3083 cubat
951 3039 980 3081 ut
997 3033 1095 3083 llavum
1123 3031 1215 3082 adesse
1240 3045 1293 3081 non
1321 3031 1438 3088 senserim

363 3103 414 3153 iam
434 3101 545 3153 nondum
564 3103 707 3169 respiciens
735 3109 762 3152 et
785 3118 816 3152 ex
833 3104 907 3152 vocis
924 3111 986 3153 noto
1011 3117 1076 3153 sono
1093 3102 1192 3153 Davum
1221 3101 1292 3168 loqui
1314 3103 1438 3168 suspicans

364 3179 440 3239 rogat
459 3172 600 3225 Damae?
641 3173 794 3225 Affirmante
820 3164 894 3225 Davo
912 3174 979 3224 inter
995 3175 1098 3225 tertium
1115 3188 1217 3224 remum
1237 3174 1358 3223 Horatius
1378 3178 1439 3222 retro

365 3243 482 3294 uertitur.
498 3277 537 3289 ,-
565 3245 613 3313 ito]
633 3244 688 3310 „ln‘
698 3242 836 3310 colloquiis
857 3260 934 3311 ιιιιιιιιι
951 3246 991 3295 itu
1009 3253 1088 3295 totam
1106 3244 1258 3295 sententiani
1276 3244 1387 3297 allirmat
1401 3256 1440 3293 rc-

364 3314 534 3381 spousione.“
552 3313 638 3367 Herod.
673 3314 742 3365 Ture.
764 3313 791 3365 Τ.
813 3314 856 3366 lll.
874 3330 900 3381 p.
920 3313 982 3366 493.
1003 3345 1037 3360 ι.
1059 3315 1148 3380 odola]
1169 3316 1221 3371 su.
1241 3314 1274 3383 ll,
1295 3318 1319 3377 i,
1337 3316 1380 3368 oi.
1412 3310 1441 3362 Et

365 3386 490 3457 „optima
503 3385 584 3451 prima
608 3384 664 3434 fere
688 3384 804 3436 lienibus
833 3389 966 3452 rapiuntur
983 3388 1094 3439 avaris«
1135 3380 1201 3438 oud
1233 3386 1291 3436 Λιιι.
1310 3385 1343 3449 ΙΙ,
1359 3385 1385 3447 o,
1401 3382 1440 3435 39.

354 3452 446 3508 ‘Homo
465 3458 543 3524 igitur
560 3470 670 3522 nequam
690 3462 738 3520 est,
757 3458 800 3524 qui
822 3472 939 3524 maguam
960 3457 1157 3524 sibilimpe'rtire
1171 3455 1273 3507 laudem
1292 3472 1344 3508 non
1363 3453 1441 3507 audet

364 3558 399 3571 -
417 3544 479 3597 pure
497 3527 640 3597 bominum]
659 3527 712 3579 lane
733 3528 825 3594 incipit
841 3528 928 3579 Davus
946 3531 1046 3579 ratione
1061 3543 1123 3579 vere
1138 3519 1327 3595 philosophica,
1346 3536 1373 3578 nt
1388 3527 1442 3592 opi-

366 3606 457 3663 natur;
485 3606 620 3666 antequem
644 3613 676 3650 eo
694 3599 873 3666 progrediatur
893 3614 945 3667 qno
967 3600 1042 3664 vult,
1071 3600 1211 3666 praemittit
1236 3598 1395 3665 magnificem
1413 3596 1443 3647 de

366 3671 497 3721 hominum
517 3671 688 3721 inconstantia
706 3672 853 3722 universam
871 3672 1023 3733 sententiam
1041 3671 1217 3736 exemplorum
1232 3669 1371 3737 splendore
1384 3669 1441 3719 estu

367 3749 482 3793 ornatam
500 3739 625 3810 (tt-20).
646 3772 679 3783 -
697 3746 783 3811 nutet]
805 3743 888 3801 Senec
917 3756 958 3808 ep.
977 3742 1026 3794 35:
1052 3741 1166 3806 „Profice
1185 3749 1211 3791 et
1231 3738 1441 3793 autcomnisboc

369 3827 432 3864 curs
451 3821 479 3863 ut
497 3820 600 3863 constes
619 3811 672 3863 obi,
710 3812 817 3881 Mutatio
826 3813 968 3863 uoluntatis
988 3813 1086 3865 indicat
1102 3814 1214 3863 animum
1229 3821 1343 3875 nature,
1368 3808 1442 3860 aliubi

370 3892 448 3951 atque
467 3882 546 3934 aliubi
565 3898 691 3949 apparere
711 3891 789 3950 prout
805 3882 863 3934 tulit
887 3892 996 3935 ventus:
1027 3900 1078 3935 non
1097 3888 1205 3951 vagatur
1225 3883 1295 3951 quod
1316 3891 1355 3934 est
1372 3883 1443 3932 lirum

369 3962 396 4006 et
416 3953 573 4006 1ιιιιιιιιιιιιιιι
591 3984 623 3995 -
650 3955 734 4019 modo]
756 3956 798 4005 cui
815 3954 955 4021 respondet
971 3956 1116 4019 interdum,
1147 3962 1176 4005 ut
1196 3955 1249 4017 Sat.
1267 3954 1289 4017 1,
1309 3954 1349 4019 10,
1369 3954 1399 4006 12
1410 3967 1444 4019 sq.

369 4024 453 4078 Aliter
471 4027 547 4076 edam
565 4023 650 4091 Epist·
661 4024 693 4088 ll,
714 4026 737 4089 1,
748 4024 790 4077 63.
802 4054 836 4068 -
848 4026 933 4077 ,tribus
944 4027 1046 4099 anellis}
1064 4027 1103 4078 lle
1120 4024 1254 4076 anulorum
1274 4042 1323 4077 usu
1341 4038 1444 4092 niagno·

369 4111 421 4164 que
441 4097 467 4146 in
486 4097 517 4146 iis
535 4095 597 4146 luxu
615 4095 668 4147 lios·
681 4095 742 4163 lega
764 4096 853 4153 locn‘s:
881 4097 940 4147 isid
960 4098 1050 4164 Origg.
1069 4097 1138 4160 xlx,
1154 4097 1205 4148 32:
1233 4097 1330 4164 „Apud
1349 4105 1444 4147 veteres

369 4166 438 4218 ultra
458 4182 536 4217 unum
553 4164 656 4218 anulum
677 4170 716 4225 uti
733 4168 829 4218 infame
842 4167 953 4219 habitum
964 4170 1047 4219 viro.“
1067 4168 1161 4219 Contra
1171 4169 1263 4219 Sencc.
1275 4169 1332 4220 Nes
1346 4168 1444 4231 Quaest

370 4237 487 4303 vitel:
507 4236 680 4303 „Exornamus
700 4238 785 4290 anulis
797 4238 906 4305 digitos3
928 4241 953 4289 in
967 4242 1035 4290 omni
1046 4239 1154 4291 articulo
1173 4255 1272 4305 gemma
1283 4239 1445 4305 disponitur!

371 4339 406 4350 -
429 4308 543 4375 Priscum]
563 4307 639 4359 bomo
661 4311 773 4375 ignotus,
793 4312 914 4361 senatorii
935 4310 1040 4362 ordinis.
1075 4342 1106 4352 -
1133 4311 1365 4380 inoeqrmtispsat.
1387 4306 1445 4372 l‚3‚

339 4407 341 4417 =
371 4379 397 4430 9.
417 4379 457 4430 19.
478 4410 508 4421 -
529 4378 637 4449 clusum]
651 4380 755 4431 Tunica
775 4381 877 4441 indutus
897 4389 951 4432 erat
967 4381 1044 4447 modo
1063 4381 1130 4443 lato,
1148 4391 1177 4433 ut
1194 4391 1357 4443 senatorum,
1375 4378 1445 4431 modo

371 4458 481 4513 angusto
500 4448 590 4512 clavo,
608 4458 636 4500 ut
654 4454 784 4517 equitum,
804 4462 899 4503 ornata.
929 4483 962 4494 -
997 4453 1026 4503 ise
1044 4454 1132 4523 leores]
1153 4455 1185 4505 Α.
1206 4453 1232 4503 P.
1254 4452 1313 4505 roo.
1350 4452 1403 4505 Cic.
1420 4448 1447 4499 ed

373 4518 559 4584 sissimo:
578 4521 703 4587 „consilia
721 4530 863 4601 temporum
881 4531 958 4590 suut;
976 4539 1044 4593 quae
1063 4523 1175 4601 iabores
1197 4522 1450 4581 ειιιιιιιιιιιιιιιιιιωι
