3117 5042
130 603 205 682 lego
227 606 262 663 ct
283 596 451 663 adunare
482 596 750 665 ,ostreatum
771 606 874 665 tomen
895 600 958 663 viic
980 588 1079 683 genus
1101 618 1158 663 ana
1180 617 1233 665 eu·

134 708 268 791 piditatc
288 711 484 769 oocaoeatum
506 724 568 777 uos
593 707 677 784 vidit
700 709 782 791 qnod
797 709 1023 774 aliud-divitem
1041 710 1233 792 nobilemque

137 823 171 877 et
189 815 355 878 obscurum
375 800 601 896 mnqmenqua
618 814 771 880 bominem
793 817 979 901 coniungere
998 827 1105 900 posset
1127 821 1234 883 vincu-

132 924 209 1001 lum,
229 921 290 985 uisi
309 926 344 983 nt
365 921 448 984 alter
469 921 598 985 baberet
619 924 669 1006 qui
691 925 753 988 sibi
777 925 974 1006 adularetur,
996 929 1077 990 alter
1097 926 1149 1009 qni
1173 927 1233 991 sibi

136 1031 321 1113 largiretur.
362 1028 467 1110 Atque
487 1047 525 1092 ea
546 1030 585 1092 de
607 1032 738 1103 Horatio
761 1034 865 1116 opinio
885 1041 948 1098 taor
961 1036 1091 1118 vulgata
1111 1032 1178 1109 fuit,
1199 1042 1233 1098 ut

134 1138 257 1222 publice
287 1136 328 1201 ab
366 1136 512 1199 eiusmodi
547 1138 811 1205 criminationibus
837 1160 872 1205 ac
905 1142 1072 1206 deiendoio
1106 1161 1233 1206 noemae

138 1245 279 1311 haberem
323 1244 411 1321 Quod
433 1242 555 1325 quidem
573 1247 824 1328 quemadmodum
847 1251 975 1332 iecerit,
1002 1270 1092 1334 quam
1112 1250 1237 1316 diaece-

136 1353 223 1419 uatis
244 1350 351 1435 gralia
375 1367 438 1414 non
458 1352 500 1415 sit
520 1371 593 1418 mus
613 1354 653 1419 ad
675 1354 871 1438 colligendas
891 1377 975 1440 opes,
999 1359 1040 1423 od
1064 1359 1235 1442 anundus

135 1462 296 1539 bonores,
333 1457 440 1542 quanti
472 1458 727 1552 tranquillitatem
755 1463 848 1526 animi
878 1469 910 1525 et
935 1464 1030 1527 otim
1052 1463 1136 1528 vitae
1160 1481 1236 1545 orae

136 1569 257 1634 divitiis
276 1576 309 1631 ct
332 1565 502 1630 bonoribus
526 1567 687 1647 babuerit,
722 1589 782 1653 qao
815 1569 946 1653 danique
974 1572 1109 1636 candore
1141 1572 1237 1637 ammi

76 1750 84 1764 ,
141 1685 174 1740 et
196 1675 377 1741 sinceritate
405 1672 521 1738 amoris
552 1673 683 1738 amicum
713 1693 834 1756 semper
864 1683 1042 1757 prosecutus
1065 1676 1126 1753 sit,
1161 1677 1238 1741 baec

142 1786 247 1850 omnia
269 1794 304 1847 tu
320 1784 390 1866 iqua
408 1781 517 1845 videas
536 1779 629 1845 uoltu
645 1777 690 1846 'cx
718 1783 767 1846 bis
788 1783 976 1871 potissimum
1000 1785 1093 1848 iocis:
1123 1782 1238 1862 slei,

139 1892 235 1973 6,θῖ
250 1908 321 1975 sqq.
361 1889 442 1967 1,9,
463 1893 582 1972 diisqq.
625 1890 709 1969 llil,
728 1896 769 1953 dl
787 1909 857 1975 sqq.
901 1892 1000 1973 Epist
1021 1893 1046 1969 l,
1067 1899 1098 1971 7,
1118 1896 1239 1977 ddsqq,

141 2000 242 2083 liqod.
267 2005 296 2079 1,
310 2001 342 2060 5.
385 1995 488 2061 Cam.
512 1998 565 2077 W,
589 2003 639 2075 11,
662 2004 703 2063 18
715 2018 761 2083 sq.
782 2000 821 2077 ll,
834 2005 885 2063 11.
928 2001 1041 2063 Verum
1065 1998 1144 2064 cnim
1165 2018 1241 2063 vcro

145 2108 200 2192 qui
220 2105 415 2170 sivoluimet
435 2125 567 2188 magnas
589 2108 682 2171 ctiam
702 2127 778 2190 opes
801 2114 833 2170 et
846 2126 867 2171 a
882 2108 1063 2173 blacceuate
1084 2115 1116 2170 ct
1134 2116 1245 2191 postca

142 2217 187 2282 ab
206 2216 348 2296 Augusto
369 2230 489 2296 quoquc
514 2216 655 2297 aoeiqrere
676 2216 837 2297 potuisset,
858 2235 949 2298 quarn
970 2235 1069 2298 parvo
1090 2235 1156 2279 eum
1178 2234 1245 2281 mu·

141 2341 220 2391 uere
240 2329 417 2384 mutentur
438 2330 469 2384 ct
492 2323 614 2386 beatum
637 2323 742 2387 uideo!
784 2323 817 2386 la
836 2324 915 2386 enim
936 2343 1027 2387 curas
1040 2332 1072 2386 ct
1085 2324 1244 2388 moimtiaa

144 2431 242 2496 Urbis
263 2446 411 2510 perosus,
445 2436 577 2494 naturae
607 2430 733 2512 eiusque
766 2432 983 2494 amoenitatum
1017 2432 1245 2497 onerandum

144 2540 260 2622 (Epist
281 2538 321 2617 ΙΙ,
344 2543 375 2612 2,
395 2536 463 2618 dd),
484 2537 630 2600 rusticam
652 2539 746 2602 vitam
768 2544 800 2600 et
817 2538 1013 2601 solitudinem
1034 2538 1192 2618 splendori
1212 2544 1245 2602 si

144 2645 307 2714 ambitioni
337 2644 477 2708 urbanae
498 2645 530 2708 in
556 2663 655 2708 annos
677 2645 779 2731 magis
802 2648 986 2729 praeterens
1008 2647 1078 2729 quid
1100 2647 1184 2713 aliud
1205 2646 1246 2714 ab

144 2752 378 2839 opulentissimo
399 2753 498 2817 amico
518 2756 656 2838 accepit,
687 2755 745 2819 nisi
773 2773 864 2818 mnam
886 2756 1108 2841 parvulumque
1129 2758 1248 2836 villan,

66 2889 70 2894 ’
143 2865 250 2926 omnia
270 2867 345 2937 uota
367 2852 446 2925 satis
459 2862 620 2944 'suumque
640 2860 889 2943 explcutcm²⁹li
946 2865 1049 2928 Villae
1071 2864 1173 2928 autem
1193 2871 1247 2927 ta·

145 2970 253 3035 bulon
274 2966 406 3048 abipso
427 2967 541 3048 nietam
562 2965 710 3029 babemus
723 2967 822 3047 Epist
845 2970 869 3045 Ι,
891 2974 940 3046 to,
954 2971 1056 3049 bsqq.
1085 2966 1157 3030 sior
1179 2974 1249 3031 erat

146 3079 181 3142 in
201 3075 330 3140 Sabinis
350 3074 560 3155 naudsqrocut
585 3093 605 3139 a
629 3074 745 3137 Tibure
766 3075 948 3157 Aquilonem
969 3093 1098 3153 veraus3
1125 3074 1249 3138 additus

149 3202 231 3267 ager
267 3184 448 3247 coniunctus
466 3190 549 3261 xerat
579 3201 619 3246 ex
652 3184 786 3265 quinque
816 3185 1024 3266 agricolarum
1065 3184 1251 3248 &binorum

150 3293 239 3375 agria
253 3290 313 3370 ³⁰),
335 3290 388 3374 qui
411 3290 636 3372 proscriptione
659 3298 690 3354 ct
711 3291 928 3365 distributione
949 3291 1081 3372 agraria
1103 3291 1187 3354 bello
1208 3291 1254 3353 cl·

153 3401 210 3465 vili
231 3400 274 3463 ad
296 3399 507 3465 Maecenatem
525 3406 742 3481 pervenerant,
762 3400 839 3464 satis
856 3399 1060 3480 illemagnas,
1083 3404 1254 3479 uipracter

156 3508 295 3570 uillicum
316 3505 439 3584 octo³¹)
461 3505 502 3568 ibi
524 3522 633 3567 servos
661 3505 817 3573 lioratiua-
830 3504 976 3569 baberet..
1024 3506 1133 3569 Vicina
1165 3511 1257 3568 erant

156 3615 255 3678 Varia
275 3611 485 3694 oppidorum),
505 3612 654 3676 blanden·
671 3611 832 3694 pagurii),
854 3613 1000 3678 Vacunae
1020 3615 1166 3696 antiquae
1192 3612 1255 3677 sn·

192 3746 1258 3857 mmmmmmmmmmmmmmmm.

262 3865 323 3908 nato
340 3854 431 3907 viliam
448 3855 519 3908 dono
537 3856 677 3922 acceperit,
695 3870 747 3905 nou
773 3864 863 3920 potest
872 3862 992 3907 accurate
1010 3852 1070 3904 dici.
1107 3852 1258 3903 iioctamam

259 3934 359 3978 certum
377 3925 497 3992 videtur,
517 3924 612 3977 iactum
631 3925 657 3975 id
679 3941 738 3975 esse
755 3933 850 3976 antea
878 3927 949 3986 7213
977 3939 1131 3989 numquam
1152 3922 1260 3977 satiram
1362 3918 1368 3925 ’

262 3997 323 4061 lia
338 3996 474 4061 scriberet,
495 3996 583 4047 villum
602 3995 721 4046 lioratiua
741 3996 790 4045 iam
811 3994 916 4057 habuit3
937 3995 965 4045 cl
980 3994 1104 4053 v.o.1o;
1122 4007 1153 4043 ea
1172 4000 1257 4044 autom

263 4069 341 4120 satira
362 4069 459 4135 scripta
477 4075 518 4119 est
534 4073 579 4117 aut
605 4065 654 4117 hoc
672 4070 717 4116 aut
735 4067 882 4135 insequenti
901 4079 977 4116 anno.
1013 4063 1095 4131 Epod.
1120 4065 1143 4125 1,
1161 4064 1204 4115 25.
1225 4062 1259 4114 31

264 4137 389 4201 ostendit,
409 4145 471 4190 anto
489 4152 603 4206 pugnam
621 4138 752 4188 Actiacam
770 4141 842 4206 (au.
854 4135 921 4205 itt)
935 4133 1025 4189 villam
1043 4131 1068 4187 ei
1086 4134 1170 4187 duum
1189 4146 1259 4186 crac.

200 4230 493 4302 mmmmm

201 4321 498 4386 mmmmo

203 4406 495 4486 mmmma

205 4494 536 4564 mmmmm
