3117 5042
767 365 1054 429 carnutium

527 549 625 623 Quane
646 561 718 611 rem.
730 565 856 629 cumque
878 549 968 647 ieron
984 547 1122 621 ,navitus
1141 554 1195 612 aut
1207 550 1304 633 epula

568 655 659 719 mites
680 660 711 717 te
732 653 809 719 duco
830 656 972 737 gesserit

495 804 510 847 s
530 788 615 861 Nos,
637 786 798 868 Agrippa,
820 804 918 870 neque
942 787 1018 850 isaeo
1038 787 1142 865 dicere
1161 786 1219 851 nco
1238 804 1368 872 maten

526 894 650 957 Pelidae
670 894 860 961 stomachum
883 894 992 963 cedere
1014 896 1108 959 nescii
1192 898 1196 909 '

524 1003 587 1064 Nec
608 1020 715 1073 cursus
734 1002 867 1083 duplicis
891 1021 946 1084 per
968 1023 1052 1068 mare
1075 1004 1177 1067 Ulixei

563 1111 629 1175 Nee
648 1128 774 1181 saevam
796 1112 920 1192 Pelopis
943 1111 1063 1177 domurn

529 1247 684 1311 Conamur
704 1255 811 1311 tenues
833 1247 988 1337 grandia,
1010 1248 1079 1311 dum
1102 1246 1202 1329 pudor

479 1374 508 1418 ιο
529 1355 724 1438 imbellisque
745 1356 834 1432 lyrae
855 1356 943 1418 illusa
964 1362 1072 1438 potens
1095 1361 1182 1419 vetat

360 1564 432 1618 tum,
462 1561 492 1605 ut
517 1566 576 1607 eum
592 1556 693 1621 magnis
710 1553 789 1605 rebus
809 1554 890 1623 gestis
907 1555 987 1623 digne
1007 1553 1141 1605 laudandis
1160 1551 1309 1604 inferiorem
1328 1567 1359 1602 se
1376 1549 1452 1602 dice·

359 1634 399 1677 ret
417 1634 492 1692 pocta
502 1664 510 1689 ‚
536 1633 605 1676 tecte
623 1633 649 1676 et
667 1625 806 1676 artilielose
827 1623 967 1692 praeclara.
978 1625 1110 1692 Agrippae
1129 1625 1244 1675 lacinorn
1262 1639 1319 1673 cum
1337 1624 1452 1692 antiquis

361 1696 428 1763 apud
448 1697 586 1747 Homerum
617 1696 680 1747 viris
708 1696 816 1747 sortibus
835 1705 981 1762 comparata
1001 1712 1099 1746 summa
1117 1711 1168 1763 qna
1188 1696 1215 1744 in
1234 1694 1315 1760 lyrico
1337 1696 1452 1744 camnine

360 1776 450 1834 posset
469 1767 524 1818 lieri
544 1766 620 1817 laude
640 1767 790 1818 cumularet.
825 1766 949 1819 Eiusdem
959 1769 1020 1818 artis
1041 1776 1066 1817 et
1087 1766 1257 1818 simulationis
1267 1764 1317 1815 alia
1329 1765 1451 1834 exempla

307 1852 309 1857 ·
357 1847 417 1889 sunt
435 1837 518 1889 Canu.
536 1837 569 1901 ll,
582 1837 623 1889 12.
645 1825 687 1899 iv,
704 1841 743 1891 15.
780 1838 809 1888 ln
829 1854 921 1905 qrrare
941 1837 1009 1888 hunc
1029 1837 1144 1888 ordinem
1162 1835 1238 1887 nobis
1258 1835 1452 1887 observarem-

357 1909 461 1960 demur:
494 1908 580 1959 media
606 1907 712 1974 rtroplrn
742 1909 913 1976 principalem
938 1910 1090 1960 sententium
1111 1906 1188 1959 lrabet
1211 1908 1339 1976 utrimque
1366 1908 1452 1957 cincta

272 1984 277 1989 '
357 1979 456 2031 duabus
475 1978 606 2046 strophis,
635 1996 742 2047 quorum
761 1979 864 2047 quidem
883 1989 910 2029 ut
928 1988 1017 2047 quarta
1035 1978 1110 2030 alteri
1128 1978 1283 2046 respondet,
1301 1979 1339 2028 sie
1360 1978 1451 2044 quinta

357 2059 447 2102 eontra
466 2052 573 2117 primum
600 2052 684 2116 posita
713 2050 774 2118 quid
799 2053 866 2101 iuter
885 2053 986 2117 epicum
1008 2058 1109 2116 poetam
1129 2050 1282 2100 discriminis
1304 2050 1407 2100 intersit
1425 2057 1452 2099 et

354 2120 520 2172 lloratiannm
540 2119 621 2185 lyrnm
642 2122 731 2171 iocose
753 2137 835 2189 prope
854 2121 974 2177 ostendit.
1000 2151 1034 2162 -
1070 2121 1126 2173 Non
1145 2128 1232 2186 potest
1249 2118 1300 2170 dici
1319 2118 1351 2170 sd
1372 2134 1450 2185 quem

356 2207 451 2242 annum
469 2206 571 2243 carmen
591 2192 754 2244 referendum
775 2192 930 2258 credamus,
955 2207 1109 2260 quamquam
1136 2191 1200 2243 illud
1225 2192 1280 2241 veri
1298 2189 1384 2242 sinriie
1402 2198 1452 2252 est,

356 2262 423 2317 haud
444 2265 478 2312 itu
501 2262 581 2313 multo
599 2268 659 2328 post
678 2266 812 2319 victoriam
831 2265 963 2315 Actiacum
985 2265 1081 2330 optime
1101 2262 1193 2316 laudes
1209 2262 1342 2330 Agrippae
1364 2262 1451 2311 victo-

358 2335 394 2386 ris
413 2332 490 2384 scribi
511 2336 637 2401 potuisse.

431 2431 461 2481 v,
482 2431 506 2479 1.
531 2428 620 2499 Vario]
641 2427 669 2479 t.
690 2429 792 2493 Varius,
810 2437 887 2495 poeta
906 2429 997 2495 epirus
1011 2424 1045 2479 ¹et
1062 2428 1185 2495 tragicus,
1203 2432 1278 2477 natus
1297 2427 1367 2477 cirea
1387 2441 1410 2478 a.
1426 2443 1451 2478 ιι.

357 2515 381 2551 e.
401 2499 470 2561 672,
497 2502 595 2551 amicus
614 2499 662 2550 init
682 2498 785 2563 Virgilii
806 2507 833 2549 et
851 2500 965 2559 lloratii3
995 2501 1107 2551 canninn
1135 2500 1281 2565 composuit
1308 2496 1340 2548 de
1367 2506 1453 2549 morte

357 2570 476 2623 Caesaris
495 2580 522 2621 et
542 2571 575 2622 de
595 2570 714 2622 laudibus
730 2571 875 2636 Octaviani,
895 2571 989 2621 deinde
1008 2570 1165 2637 tragoediam
1183 2570 1287 2635 scripsit
1304 2568 1453 2634 'ilryesten3

357 2642 476 2705 Augusto
493 2641 599 2693 iubente
617 2640 717 2708 Virgrlii
736 2643 828 2694 mortui
853 2646 892 2710 (a.
912 2642 977 2711 735)
1004 2642 1145 2692 Aeneidem
1172 2657 1229 2691 curn
1257 2638 1340 2693 Plotio
1365 2639 1451 2690 Tucca

358 2711 521 2771 emenrlnvit3
546 2720 661 2762 mortuns
681 2714 738 2779 ipsc
756 2712 859 2779 ridetur
876 2721 936 2763 ante
955 2728 978 2763 a.
998 2709 1057 2764 tlt.
1105 2712 1209 2763 Praeter
1236 2726 1334 2777 pancos
1358 2725 1453 2762 versus

358 2780 422 2831 nihil
442 2798 474 2832 ex
493 2784 548 2834 eius
565 2782 720 2834 carminibus
741 2782 817 2833 nobis
838 2782 956 2835 relictum
976 2776 1024 2835 est.
1045 2813 1080 2824 -
1105 2782 1221 2834 diaconii
1239 2783 1373 2853 carminis]
1393 2781 1451 2832 llo-

358 2852 465 2916 merici,
491 2855 607 2920 npntria
626 2853 729 2905 llomeri
748 2855 874 2919 Smyrna,
893 2855 1026 2921 Maeoniae
1049 2870 1070 2903 s.
1090 2852 1186 2918 Lydiae
1205 2852 1277 2904 urbe.
1304 2886 1339 2895 -
1375 2852 1449 2922 alite}

359 2938 452 2988 cycno,
473 2924 489 2974 i.
509 2940 532 2974 ο.
554 2933 640 2991 poeta,
659 2925 692 2976 ci.
716 2924 799 2977 Germ.
817 2926 859 2989 lli,
876 2925 954 2989 225.
979 2925 1115 2978 Ablativus
1136 2925 1160 2974 in
1179 2924 1297 2974 omnibns
1317 2922 1453 2974 codicibus

361 2994 464 3059 iegitur.
507 2995 587 3050 Cuius
608 2996 816 3051 ¹constructionis
837 2994 956 3063 exempla
975 3013 1026 3048 non
1047 2995 1115 3062 apud
1142 2995 1273 3059 lloratium
1301 2993 1385 3045 solum
1403 2995 1453 3046 sed

359 3067 464 3117 omnino
483 3068 613 3118 rarissima
631 3075 699 3119 sunt.
728 3066 789 3117 vide
810 3076 894 3121 tamen
912 3066 993 3133 Epist.
1015 3068 1035 3130 Ι,
1056 3068 1079 3129 1,
1100 3065 1291 3133 94ι,,,οιιιοιιιι
1318 3064 1452 3132 inaequali

360 3144 479 3186 tonsores
502 3145 528 3187 et
546 3136 642 3199 Satll,
655 3136 720 3198 net
738 3136 874 3199 „laudatus
895 3136 1032 3190 Caesare&
1068 3137 1154 3201 Orrare
1172 3154 1223 3189 non
1242 3152 1307 3204 opus
1328 3144 1369 3187 est
1385 3151 1454 3187 con·

360 3207 457 3257 iectura
479 3207 545 3269 aliti,
562 3215 591 3257 ut
610 3205 723 3257 dativum
738 3207 882 3269 ‘habeamus
904 3225 951 3276 pro
969 3208 1047 3260 ablat.
1069 3225 1126 3259 erun
1145 3208 1338 3276 praepositione
1358 3206 1400 3257 ad.
1420 3238 1452 3249 -

359 3293 435 3343 quom
452 3282 632 3346 rem-cunque]
653 3278 786 3329 Adiectivn
807 3289 833 3330 et
852 3279 994 3347 particulae
1012 3280 1136 3331 relativae
1155 3281 1305 3345 quicunque,
1325 3286 1456 3344 almaque

359 3354 409 3396 cet.
435 3344 504 3412 apud
529 3348 660 3407 ilorntium
679 3349 755 3399 modo
775 3352 848 3400 tmesi
870 3354 894 3402 in
914 3368 973 3402 srrss
995 3358 1081 3418 partes
1101 3350 1264 3413 dividuntur,
1292 3357 1321 3398 ut
1340 3347 1364 3411 ir.
1385 3346 1403 3399 l.
1426 3356 1455 3399 et

359 3417 379 3475 Ι.
400 3416 423 3469 7.
436 3418 487 3485 Ι25.
505 3415 525 3477 Ι,
543 3420 568 3475 9.
590 3417 630 3471 14.
650 3421 669 3482 l,
691 3421 731 3481 16,
750 3423 775 3472 2.
796 3421 815 3479 Ι,
834 3424 877 3485 27,
900 3423 949 3484 14,
969 3423 1044 3489 moyio
1057 3436 1108 3472 nnn
1130 3420 1294 3473 dividuntur:
1315 3428 1344 3470 ut
1365 3418 1454 3470 Carm.

359 3491 378 3549 1,
401 3490 441 3550 17,
464 3488 503 3541 10.
523 3488 544 3550 Ι,
562 3490 604 3554 21,
622 3489 647 3541 fi.
667 3490 686 3553 l,
705 3490 801 3553 28,25,
820 3492 887 3545 aliis.
925 3493 1046 3543 Ceterum
1061 3494 1086 3543 in
1107 3492 1147 3544 lris
1167 3493 1289 3544 scriberis
1307 3506 1454 3557 perorarun-

358 3577 405 3625 pue
423 3560 479 3610 rem
487 3561 559 3612 miles
576 3564 684 3628 priserit
701 3562 872 3625 attractionis
882 3563 1010 3632 quoddam
1029 3563 1137 3614 liberius
1152 3556 1241 3630 ‘genus
1258 3562 1307 3625 est,
1328 3560 1398 3630 qnod
1414 3561 1455 3612 sic

359 3630 508 3698 intelligant
525 3633 648 3685 scriberis
660 3635 848 3697 xet‘seridetur.
868 3663 898 3678 -·
918 3652 1025 3702 present
1043 3634 1148 3686 Pelidae
1165 3634 1331 3700 stomachum]
1356 3631 1455 3697 Expri-

359 3704 432 3767 muni
458 3702 523 3754 llaec
546 3703 627 3754 verba
655 3714 834 3771 argumentum
849 3706 942 3758 illudis
963 3706 1134 3757 Homericae:
1163 3708 1250 3776 μῆνιν
1279 3703 1454 3768 quyl'ddsro

355 3774 506 3842 ’Λχιλῆοςς
534 3775 626 3826 eodem
651 3776 727 3827 modo
755 3794 845 3831 cursus
871 3777 980 3845 duplicis
1009 3776 1095 3828 Ulixei
1122 3776 1274 3841 Odyssean
1292 3772 1453 3840 significant.

361 3843 455 3897 Gravis
474 3845 623 3899 stomachus
643 3854 699 3911 est,
729 3855 759 3897 ut
783 3848 851 3912 apud
870 3848 1007 3914 llomerum
1027 3840 1169 3916 odiendus
1189 3846 1205 3912 ιῖ
1224 3845 1304 3917 μυρί’
1325 3844 1456 3910 Ἀχαιοῖς

358 3914 437 3981 ἅὶγέ
459 3917 566 3981 ἔθηκεν.
589 3947 622 3957 -
660 3916 768 3986 duplicis
790 3916 885 3983 Ulixes]
903 3918 1034 3981 dantesie,
1052 3917 1186 3983 subdolus,
1205 3923 1343 3978 versutus,
1361 3915 1453 3968 πολύ-

260 4052 264 4059 Δ
358 4001 471 4047 sponoe.
507 3987 547 4039 De
565 3987 647 4038 lorma
666 3989 774 4053 genitivi
794 3989 853 4040 vide
871 3989 971 4056 Zumpt.
991 4005 1030 4055 gr.
1050 3988 1093 4040 lat.
1116 3991 1143 4053 ς.
1162 3991 1205 4041 5‘2.
1227 3987 1255 4038 4.·
1281 4014 1316 4030 -
1347 4002 1455 4036 caenosa

359 4052 458 4122 Pelopis
476 4056 585 4126 domam}
610 4060 733 4125 Spectant
758 4059 824 4110 lraec
846 4060 878 4111 ad
903 4060 973 4112 Varii
998 4059 1147 4127 Thyesten,
1172 4061 1246 4111 cuius
1269 4064 1454 4122 argumentum

359 4133 486 4190 sumptum
506 4128 555 4179 luit
572 4145 604 4179 ex
621 4130 795 4183 lunestissirna
808 4131 854 4182 illa
866 4131 1046 4198 Pelopidarum
1064 4133 1170 4196 familia,
1187 4146 1254 4198 quae
1267 4128 1373 4194 tragicis
1385 4143 1455 4195 poe-

360 4194 392 4244 tis
411 4193 507 4262 largam
529 4199 657 4251 scribendi
678 4203 808 4255 materiam
828 4203 955 4269 praebuit.
992 4203 1119 4269 Perpetua
1139 4203 1207 4254 enlm
1227 4200 1308 4251 caede
1328 4207 1382 4249 tota
1402 4197 1453 4248 do-

358 4279 413 4317 mus
435 4268 559 4317 exstincta
578 4280 626 4321 est:
647 4269 740 4339 Pelops
761 4288 879 4323 socerum
900 4273 1031 4325 interiecit
1049 4274 1217 4327 Oenomaum.
1237 4272 1332 4322 Atreus
1354 4268 1454 4319 liberos

357 4333 484 4400 Thyestae
506 4337 606 4401 fratris,
633 4342 773 4405 Aegisthus
800 4352 825 4393 et
849 4344 1054 4409 Clytaemnestra
1076 4346 1316 4413 Agamemnonem,
1345 4338 1455 4392 Orestes

322 4410 328 4416 “
358 4406 471 4473 donique
489 4408 652 4475 lir>gisthurn⁴
664 4421 690 4462 et
707 4421 813 4465 matrem
827 4405 1073 4482 Clytaemnestram.
1111 4447 1143 4461 ·-
1181 4417 1278 4483 tenum]
1309 4409 1344 4461 tl·
1365 4408 1452 4462 Cum·

359 4475 400 4542 ιι,
418 4479 444 4542 ι,
462 4478 576 4535 27-32.
600 4480 644 4545 m,
665 4483 706 4547 ιο,
728 4484 806 4535 ι-ι.

1545 842 1550 973 ἦ
